@article{petri2013topological,
  title={Topological strata of weighted complex networks},
  author={Petri, Giovanni and Scolamiero, Martina and Donato, Irene and Vaccarino, Francesco},
  journal={PloS One},
  volume={8},
  number={6},
  pages={e66506},
  year={2013},
  publisher={Public Library of Science San Francisco, USA}
}


@phdthesis{lozeve2018topological,
  title={Topological Data Analysis of Temporal Networks},
  author={Lozeve, Dimitri},
  year={2018},
  school={University of Oxford}
}

@misc{brüelgabrielsson2020topology,
      title={A Topology Layer for Machine Learning}, 
      author={Rickard Brüel-Gabrielsson and Bradley J. Nelson and Anjan Dwaraknath and Primoz Skraba and Leonidas J. Guibas and Gunnar Carlsson},
      year={2020},
      eprint={1905.12200},
      archivePrefix={arXiv},
      primaryClass={cs.LG}
}
@inproceedings{
vandaele2022topologically,
title={Topologically Regularized Data Embeddings},
author={Robin Vandaele and Bo Kang and Jefrey Lijffijt and Tijl De Bie and Yvan Saeys},
booktitle={International Conference on Learning Representations},
year={2022},
url={https://openreview.net/forum?id=P1QUVhOtEFP}
}
@article{crawford2018cluenet,
  title={ClueNet: Clustering a temporal network based on topological similarity rather than denseness},
  author={Crawford, Joseph and Milenkovi{\'c}, Tijana},
  journal={PloS One},
  volume={13},
  number={5},
  pages={e0195993},
  year={2018},
  publisher={Public Library of Science San Francisco, CA USA}
}

@article{hou2020glodyne,
  title={Glodyne: Global topology preserving dynamic network embedding},
  author={Hou, Chengbin and Zhang, Han and He, Shan and Tang, Ke},
  journal={IEEE Transactions on Knowledge and Data Engineering},
  volume={34},
  number={10},
  pages={4826--4837},
  year={2020},
  publisher={IEEE}
}
@book{dey2022computational,
  title={Computational topology for data analysis},
  author={Dey, Tamal Krishna and Wang, Yusu},
  year={2022},
  publisher={Cambridge University Press}
}