@inproceedings{Gallotta_2022,
	year = 2022,
	author = {Roberto Gallotta and Kai Arulkumaran and L. B. Soros},
	title = {Surrogate Infeasible Fitness Acquirement {FI}-2Pop for Procedural Content Generation},
	booktitle = {Proceedings of {IEEE} Conference on Games ({CoG})},
	pages={500--503},
	organization={IEEE}
}


@article{FI2Pop,
	title = {On a Feasible–Infeasible Two-Population (FI-2Pop) genetic algorithm for constrained optimization: Distance tracing and no free lunch},
	journal = {European Journal of Operational Research},
	volume = {190},
	number = {2},
	pages = {310-327},
	year = {2008},
	author = {Steven Orla Kimbrough and Gary J. Koehler and Ming Lu and David Harlan Wood},
}



@article{mapElites,
	journal={arXiv:1504.04909},
	author = {Mouret, Jean-Baptiste and Clune, Jeff},
	title = {Illuminating search spaces by mapping elites},
	year = {2015},
}

@inproceedings{acs2020,
	title = {Complexity of Agents in Non-stationary Environments: A Partial Computational Model},
	author = {Vadim Bulitko and Valeriy K. Bulitko},
	booktitle = {Proceedings of the Annual Conference on Advances in Cognitive Systems (ACS), Poster Collection},
	year = {2020}
}


@inproceedings{cog2020,
	title = {Evolving Initial Heuristic Functions for Agent-Centered Heuristic Search},
	author = {Vadim Bulitko},
	booktitle = {Proceedings of the IEEE Conference on Games (CoG)},
	pages = {534-541},
	year = {2020}
}

@inproceedings{bulitko2021fast,
	title={Fast Synthesis of Algebraic Heuristic Functions for Video-game Pathfinding},
	author={Bulitko, Vadim and Hernandez, Sergio Poo and Lelis, Levi HS},
	booktitle={Proceedings of the IEEE Conference on Games (CoG)},
	pages={01--05},
	year={2021},
	organization={IEEE}
}

@inproceedings{sergio2021,
	author= {Sergio Poo Hernandez and Vadim Bulitko},
	title= {Speeding Up Heuristic Function Generation via Automatically Extending the Formula Grammar},
	booktitle ={Proceedings of the Symposium on Combinatorial Search (SoCS)},
	year= {2021},
	pages={233--235}
 }


@article{AStar,
	Author = {Hart, P.E. and Nilsson, N.J. and Raphael, B.},
	Date-Added = {2009-09-09 15:57:26 -0600},
	Date-Modified = {2009-09-09 15:57:26 -0600},
	Journal = {IEEE Transactions on Systems Science and Cybernetics},
	Number = {2},
	Pages = {100--107},
	Title = {A formal basis for the heuristic determination of minimum cost paths},
	Volume = {4},
	Year = {1968}}

@inproceedings{silver2005cooperative,
	title={Cooperative pathfinding},
	author={Silver, David},
	booktitle={Proceedings of the AAAI conference on artificial intelligence and interactive digital entertainment (AIIDE)},
	volume={1},
	pages={117--122},
	year={2005}
}

@inproceedings{yu2013structure,
	title={Structure and intractability of optimal multi-robot path planning on graphs},
	author={Yu, Jingjin and LaValle, Steven},
	booktitle={Proceedings of the AAAI Conference on Artificial Intelligence},
	volume={27},
	pages={1443--1449},
	year={2013}
}

@inproceedings{surynek2010optimization,
	title={An optimization variant of multi-robot path planning is intractable},
	author={Surynek, Pavel},
	booktitle={Proceedings of the AAAI conference on artificial intelligence},
	volume={24},
	pages={1261--1263},
	year={2010}
}

@inproceedings{ma2016multi,
	title={Multi-agent path finding with payload transfers and the package-exchange robot-routing problem},
	author={Ma, Hang and Tovey, Craig and Sharon, Guni and Kumar, TK and Koenig, Sven},
	booktitle={Proceedings of the AAAI Conference on Artificial Intelligence},
	volume={30},
	pages={3166--3173},
	year={2016}
}

@inproceedings{ma2017feasibility,
	title={Feasibility study: Moving non-homogeneous teams in congested video game environments},
	author={Ma, Hang and Yang, Jingxing and Cohen, Liron and Kumar, TK and Koenig, Sven},
	booktitle={Proceedings of the AAAI Conference on Artificial Intelligence and Interactive Digital Entertainment (AIIDE)},
	volume={13},
	pages={270--272},
	year={2017}
}

@article{wurman2008coordinating,
	title={Coordinating hundreds of cooperative, autonomous vehicles in warehouses},
	author={Wurman, Peter R and D'Andrea, Raffaello and Mountz, Mick},
	journal={AI magazine},
	volume={29},
	pages={9--9},
	year={2008}
}

@inproceedings{veloso2015cobots,
	title={{CoBots}: Robust symbiotic autonomous mobile service robots},
	author={Veloso, Manuela and Biswas, Joydeep and Coltin, Brian and Rosenthal, Stephanie},
	booktitle={Proceedings of the International Joint Conference on Artificial Intelligence (IJCAI)},
	pages = {4423–4429},
	year={2015},
}

@article{erdmann1987multiple,
	title={On multiple moving objects},
	author={Erdmann, Michael and Lozano-Perez, Tomas},
	journal={Algorithmica},
	volume={2},
	pages={477--521},
	year={1987},
	publisher={Springer}
}

@inproceedings{van2005prioritized,
	title={Prioritized motion planning for multiple robots},
	author={Van Den Berg, Jur P and Overmars, Mark H},
	booktitle={Proceedings of the IEEE/RSJ International Conference on Intelligent Robots and Systems (IROS)},
	pages={430--435},
	year={2005},
}

@inproceedings{wang2019new,
	title={A new constraint satisfaction perspective on multi-agent path finding: Preliminary results},
	author={Wang, Jiangxing and Li, Jiaoyang and Ma, Hang and Koenig, Sven and Kumar, S},
	booktitle={Proceedings of the International Conference on Autonomous Agents and Multi-Agent Systems (AAMAS)},
	pages={2253--2255},
	year={2019}
}

@inproceedings{wu2020multi,
	title={Multi-robot path deconfliction through prioritization by path prospects},
	author={Wu, Wenying and Bhattacharya, Subhrajit and Prorok, Amanda},
	booktitle={Proceedings of the IEEE International Conference on Robotics and Automation (ICRA)},
	pages={9809--9815},
	year={2020},
}

@techreport{buckley1988fast,
	title={Fast motion planning for multiple moving robots},
	author={Buckley, Stephen J},
	year={1988},
	number = {RC 14099 (\#63205)},
	institution={IBM Thomas J. Watson Research Division}
}

@inproceedings{li2019coupling,
	title={Coupling-degree-based heuristic prioritized planning method for UAV swarm path generation},
	author={Li, Hui and Long, Teng and Xu, Guangtong and Wang, Yangjie},
	booktitle={Proceedings of Chinese Automation Congress (CAC)},
	pages={3636--3641},
	year={2019},
}

@inproceedings{zhang2022learning,
	title={Learning a Priority Ordering for Prioritized Planning in Multi-Agent Path Finding},
	author={Zhang, Shuyang and Li, Jiaoyang and Huang, Taoan and Koenig, Sven and Dilkina, Bistra},
	booktitle={Proceedings of the International Symposium on Combinatorial Search (SoCS)},
	volume={15},
	pages={208--216},
	year={2022}
}

@inproceedings{bulitko2022portability,
	title={Portability and Explainability of Synthesized Formula-based Heuristics},
	author={Bulitko, Vadim and Wang, Shuwei and Stevens, Justin and Lelis, Levi HS},
	booktitle={Proceedings of the International Symposium on Combinatorial Search (SoCS)},
	volume={15},
	pages={29--37},
	year={2022}
}

@inproceedings{stern2019multi,
	title={Multi-agent pathfinding: Definitions, variants, and benchmarks},
	author={Stern, Roni and Sturtevant, Nathan and Felner, Ariel and Koenig, Sven and Ma, Hang and Walker, Thayne and Li, Jiaoyang and Atzmon, Dor and Cohen, Liron and Kumar, TK and others},
	booktitle={Proceedings of the International Symposium on Combinatorial Search (SoCS)},
	volume={10},
	pages={151--158},
	year={2019}
}

@inproceedings{ma2019searching,
	title={Searching with consistent prioritization for multi-agent path finding},
	author={Ma, Hang and Harabor, Daniel and Stuckey, Peter J and Li, Jiaoyang and Koenig, Sven},
	booktitle={Proceedings of the AAAI Conference on Artificial Intelligence},
	volume={33},
	pages={7643--7650},
	year={2019}
}

@article{bennewitz2002finding,
	title={Finding and optimizing solvable priority schemes for decoupled path planning techniques for teams of mobile robots},
	author={Bennewitz, Maren and Burgard, Wolfram and Thrun, Sebastian},
	journal={Robotics and autonomous systems},
	volume={41},
	number={2-3},
	pages={89--99},
	year={2002},
	publisher={Elsevier}
}


@inproceedings{morag2022online,
	title={Online Multi-Agent Path Finding: New Results},
	author={Morag, Jonathan and Felner, Ariel and Stern, Roni and Atzmon, Dor and Boyarski, Eli},
	booktitle={Proceedings of the International Symposium on Combinatorial Search (SoCS)},
	volume={15},
	pages={229--233},
	year={2022}
}



@incollection{latombe1991multiple,
	title={Multiple Moving Objects},
	author={Latombe, Jean-Claude},
	booktitle={Robot motion planning},
	pages={1--57},
	year={1991},
	publisher={Springer}
}




@inproceedings{li2021lifelong,
	title={Lifelong multi-agent path finding in large-scale warehouses},
	author={Li, Jiaoyang and Tinka, Andrew and Kiesel, Scott and Durham, Joseph W and Kumar, TK Satish and Koenig, Sven},
	booktitle={Proceedings of the AAAI Conference on Artificial Intelligence},
	volume={35},
	pages={11272--11281},
	year={2021}
}

@inproceedings{bnaya2014conflict,
	title={Conflict-oriented windowed hierarchical cooperative A},
	author={Bnaya, Zahy and Felner, Ariel},
	booktitle={Proceedings of the IEEE International Conference on Robotics and Automation (ICRA)},
	pages={3743--3748},
	year={2014}
}


@inproceedings{huang2022anytime,
	author={Taoan Huang and Jiaoyang Li and Sven Koenig and Bistra Dilkina},
	title={Anytime Multi-Agent Path Finding via Machine Learning-Guided Large Neighborhood Search},
	booktitle={Procedings of the AAAI Conference on Artificial Intelligence},
	pages={9368--9376},
	year={2022}
}



@inproceedings{kaduri2020algorithm,
	title={Algorithm selection for optimal multi-agent pathfinding},
	author={Kaduri, Omri and Boyarski, Eli and Stern, Roni},
	booktitle={Proceedings of the International Conference on Automated Planning and Scheduling (ICAPS)},
	volume={30},
	pages={161--165},
	year={2020}
}

@inproceedings{alkazzi2022mapfaster,
	title={MAPFASTER: A Faster and Simpler take on Multi-Agent Path Finding Algorithm Selection},
	author={Alkazzi, Jean-Marc and Rizk, Anthony and Salomon, Michel and Makhoul, Abdallah},
	booktitle={Proceedings of IEEE/RSJ International Conference on Intelligent Robots and Systems (IROS)},
	pages={10088--10093},
	year={2022}
}



@inproceedings{ren2021mapfast,
	author={Jingyao Ren and Vikraman Sathiyanarayanan and Eric Ewing and Baskin Senbaslar and Nora Ayanian},
	title={{MAPFAST:} {A} Deep Algorithm Selector for Multi Agent Path Finding using Shortest Path Embeddings},
	booktitle={Proceedings of the International Conference on Autonomous Agents and Multiagent Systems ({AAMAS})},
	pages={1055--1063},
	year={2021}
}



@article{sigurdson2019automatic,
	title={Automatic algorithm selection in multi-agent pathfinding},
	author={Sigurdson, Devon and Bulitko, Vadim and Koenig, Sven and Hernandez, Carlos and Yeoh, William},
	journal={arXiv:1906.03992},
	year={2019}
}

@inproceedings{huang2021learning,
	title={Learning node-selection strategies in bounded suboptimal conflict-based search for multi-agent path finding},
	author={Huang, Taoan and Dilkina, Bistra and Koenig, Sven},
	booktitle={Proceedings of the International Joint Conference on Autonomous Agents and Multiagent Systems (AAMAS)},
	pages={611--619},
	year={2021}
}

@inproceedings{huang2021learning2,
	title={Learning to resolve conflicts for multi-agent path finding with conflict-based search},
	author={Huang, Taoan and Koenig, Sven and Dilkina, Bistra},
	booktitle={Proceedings of the AAAI Conference on Artificial Intelligence},
	volume={35},
	pages={11246--11253},
	year={2021}
}

@article{sharon2013increasing,
	title={The increasing cost tree search for optimal multi-agent pathfinding},
	author={Sharon, Guni and Stern, Roni and Goldenberg, Meir and Felner, Ariel},
	journal={Artificial intelligence},
	volume={195},
	pages={470--495},
	year={2013},
	publisher={Elsevier}
}

@article{sharon2015conflict,
	title={Conflict-based search for optimal multi-agent pathfinding},
	author={Sharon, Guni and Stern, Roni and Felner, Ariel and Sturtevant, Nathan R},
	journal={Artificial Intelligence},
	volume={219},
	pages={40--66},
	year={2015},
	publisher={Elsevier}
}

@inproceedings{barer2014suboptimal,
	title={Suboptimal variants of the conflict-based search algorithm for the multi-agent pathfinding problem},
	author={Barer, Max and Sharon, Guni and Stern, Roni and Felner, Ariel},
	booktitle={Proceedings of the International Symposium on Combinatorial Search (SoCS)},
	volume={5},
	pages={19--27},
	year={2014}
}

@inproceedings{shah2022near,
	author = {Shah, Ameesh and Zhan, Eric and Sun, Jennifer and Verma, Abhinav and Yue, Yisong and Chaudhuri, Swarat},
	booktitle = {Proceedings of the conference on Advances in Neural Information Processing Systems (NeurIPS)},
	pages = {4940--4952},
	title = {Learning Differentiable Programs with Admissible Neural Heuristics},
	volume = {33},
	year = {2020}
}

@INPROCEEDINGS{Koen20r,
	AUTHOR= "G. Belov and W. Du and M. Garcia de la Banda and D. Harabor and S. Koenig and X. Wei",
	TITLE= "From Multi-Agent Pathfinding to 3D Pipe Routing",
	BOOKTITLE= "Proceedings of the Symposium on Combinatorial Search (SoCS)",
	PAGES= "11--19",
	YEAR= "2020",
}

@INPROCEEDINGS{Koen23e,
	AUTHOR= "J. Li and T. Hoang and E. Lin and H. Vu and S. Koenig",
	TITLE= "Intersection Coordination with Priority-Based Search for Autonomous Vehicles",
	BOOKTITLE= "Proceedings of the AAAI Conference on Artificial Intelligence (AAAI)",
	PAGES="11578--11585",
	YEAR= "2023",
}

@INPROCEEDINGS{Koen23g,
	AUTHOR="Y. Zheng and H. Ma and S. Koenig and E. Kline and S. Kumar",
	TITLE="Priority-Based Search for the Virtual Network Embedding Problem",
	BOOKTITLE="Proceedings of the International Conference on Automated Planning and Scheduling (ICAPS)",
	PAGES="472--480",
	YEAR="2023"
}

