@String { ACMMM        = {ACM International Conference on Multimedia} }
@String { ACMTOG       = {ACM Transactions on Graphics} }
@String { ARXIV        = {arXiv} }
@String { BMVC         = {British Machine Vision Conference} }
@String { CVIU         = {Computer Vision and Image Understanding} }
@String { CVPR         = {IEEE/CVF Conference on Computer Vision and Pattern Recognition} }
@String { CVPRE         = {IEEE Conference on Computer Vision and Pattern Recognition} }
@String { CVPRW        = {IEEE Conference on Computer Vision and Pattern Recognition Workshops} }
@String { ECCV         = {European Conference on Computer Vision} }
@String { ECCVW        = {European Conference on Computer Vision Workshops} }
@String { EG           = {Eurographics} }
@String { AAAI         = {AAAI Conference on Artificial Intelligence} }
@String { ICASSP       = {IEEE International Conference on Acoustics, Speech, and Signal Processing} }
@String { ICCP         = {IEEE International Conference on Computational Photography} }
@String { ICCV         = {IEEE International Conference on Computer Vision} }
@String { ACCV         = {Asian Conference on Computer Vision} }
@String { ICIP         = {IEEE International Conference on Image Processing} }
@String { ICLR         = {International Conference on Learning Representations} }
@String { ICME         = {IEEE International Conference on Multimedia and Expo} }
@String { ICML         = {International Conference on Machine Learning} }
@String { ICPR         = {International Conference on Pattern Recognition} }
@String { IJCV         = {International Journal of Computer Vision} }
@String { JMLR         = {Journal of Machine Learning Research} }
@String { NIPS         = {Neural Information Processing Systems} }
@String { NIPSW        = {Neural Information Processing Systems Workshops} }
@String { PAMI         = {IEEE Transactions on Pattern Analysis and Machine Intelligence} }
@String { PR           = {Pattern Recognition} }
@String { SIGGRAPH     = {SIGGRAPH} }
@String { SIGGRAPHAsia = {SIGGRAPH Asia} }
@String { TIP          = {IEEE Transactions on Image Processing} }
@String { TIT          = {IEEE Transactions on Information Theory} }
@String { TOG          = {ACM TOG (Proc. SIGGRAPH)} }
@String { TOGA         = {ACM TOG (Proc. SIGGRAPH Asia)} }
@String { TPAMI        = {IEEE Transactions on Pattern Analysis and Machine Intelligence} }
@String { VMV          = {Vision, Modelling and Visualization} }
@String { WACV         = {IEEE Winter Conference on Applications of Computer Vision}}
@String { VISAPP       = {International Conference on Computer Vision Theory and Applications}}



@inproceedings{yu2018bisenet,
  title={{BiSeNet}: Bilateral segmentation network for real-time semantic segmentation},
  author={Yu, Changqian and Wang, Jingbo and Peng, Chao and Gao, Changxin and Yu, Gang and Sang, Nong},
  booktitle=ECCV,
  pages={325--341},
  year={2018}
}

@article{chen2014semantic,
  title={Semantic image segmentation with deep convolutional nets and fully connected crfs},
  author={Chen, Liang-Chieh and Papandreou, George and Kokkinos, Iasonas and Murphy, Kevin and Yuille, Alan L},
  journal={arXiv preprint arXiv:1412.7062},
  year={2014}
}

@article{chen2017deeplab,
  title={Deeplab: Semantic image segmentation with deep convolutional nets, atrous convolution, and fully connected crfs},
  author={Chen, Liang-Chieh and Papandreou, George and Kokkinos, Iasonas and Murphy, Kevin and Yuille, Alan L},
  journal=TPAMI,
  volume={40},
  number={4},
  pages={834--848},
  year={2017},
  publisher={IEEE}
}

@inproceedings{chen2018encoder,
  title={Encoder-decoder with atrous separable convolution for semantic image segmentation},
  author={Chen, Liang-Chieh and Zhu, Yukun and Papandreou, George and Schroff, Florian and Adam, Hartwig},
  booktitle=ECCV,
  pages={801--818},
  year={2018}
}

@inproceedings{zhao2018psanet,
  title={Psanet: Point-wise spatial attention network for scene parsing},
  author={Zhao, Hengshuang and Zhang, Yi and Liu, Shu and Shi, Jianping and Loy, Chen Change and Lin, Dahua and Jia, Jiaya},
  booktitle=ECCV,
  pages={267--283},
  year={2018}
}

@inproceedings{fu2019dual,
  title={Dual attention network for scene segmentation},
  author={Fu, Jun and Liu, Jing and Tian, Haijie and Li, Yong and Bao, Yongjun and Fang, Zhiwei and Lu, Hanqing},
  booktitle=CVPR,
  pages={3146--3154},
  year={2019}
}

@article{yuan2018ocnet,
  title={Ocnet: Object context network for scene parsing},
  author={Yuan, Yuhui and Huang, Lang and Guo, Jianyuan and Zhang, Chao and Chen, Xilin and Wang, Jingdong},
  journal={arXiv preprint arXiv:1809.00916},
  year={2018}
}

@inproceedings{huang2019ccnet,
  title={Ccnet: Criss-cross attention for semantic segmentation},
  author={Huang, Zilong and Wang, Xinggang and Huang, Lichao and Huang, Chang and Wei, Yunchao and Liu, Wenyu},
  booktitle=ICCV,
  pages={603--612},
  year={2019}
}

@article{dosovitskiy2020image,
  title={An image is worth 16x16 words: Transformers for image recognition at scale},
  author={Dosovitskiy, Alexey and Beyer, Lucas and Kolesnikov, Alexander and Weissenborn, Dirk and Zhai, Xiaohua and Unterthiner, Thomas and Dehghani, Mostafa and Minderer, Matthias and Heigold, Georg and Gelly, Sylvain and others},
  journal={arXiv preprint arXiv:2010.11929},
  year={2020}
}

@inproceedings{zhang2022topformer,
  title={TopFormer: Token pyramid transformer for mobile semantic segmentation},
  author={Zhang, Wenqiang and Huang, Zilong and Luo, Guozhong and Chen, Tao and Wang, Xinggang and Liu, Wenyu and Yu, Gang and Shen, Chunhua},
  booktitle=CVPR,
  pages={12083--12093},
  year={2022}
}

@article{wan2023seaformer,
  title={SeaFormer: Squeeze-enhanced Axial Transformer for Mobile Semantic Segmentation},
  author={Wan, Qiang and Huang, Zilong and Lu, Jiachen and Yu, Gang and Zhang, Li},
  journal={arXiv preprint arXiv:2301.13156},
  year={2023}
}


@article{otsu1979threshold,
  title={A threshold selection method from gray-level histograms},
  author={Otsu, Nobuyuki},
  journal={IEEE transactions on systems, man, and cybernetics},
  volume={9},
  number={1},
  pages={62--66},
  year={1979},
  publisher={IEEE}
}

@article{najman1994watershed,
  title={Watershed of a continuous function},
  author={Najman, Laurent and Schmitt, Michel},
  journal={Signal Processing},
  volume={38},
  number={1},
  pages={99--112},
  year={1994},
  publisher={Elsevier}
}

@article{boykov2001fast,
  title={Fast approximate energy minimization via graph cuts},
  author={Boykov, Yuri and Veksler, Olga and Zabih, Ramin},
  journal=TPAMI,
  volume={23},
  number={11},
  pages={1222--1239},
  year={2001},
  publisher={IEEE}
}

@inproceedings{long2015fully,
  title={Fully convolutional networks for semantic segmentation},
  author={Long, Jonathan and Shelhamer, Evan and Darrell, Trevor},
  booktitle=CVPRE,
  pages={3431--3440},
  year={2015}
}

@inproceedings{ronneberger2015u,
  title={U-net: Convolutional networks for biomedical image segmentation},
  author={Ronneberger, Olaf and Fischer, Philipp and Brox, Thomas},
  booktitle={International Conference on Medical Image Computing and Computer-Assisted Intervention},
  pages={234--241},
  year={2015},
  organization={Springer}
}

@inproceedings{zhao2017pyramid,
  title={Pyramid scene parsing network},
  author={Zhao, Hengshuang and Shi, Jianping and Qi, Xiaojuan and Wang, Xiaogang and Jia, Jiaya},
  booktitle=CVPRE,
  pages={2881--2890},
  year={2017}
}

@inproceedings{lin2017refinenet,
  title={Refinenet: Multi-path refinement networks for high-resolution semantic segmentation},
  author={Lin, Guosheng and Milan, Anton and Shen, Chunhua and Reid, Ian},
  booktitle=CVPR,
  pages={1925--1934},
  year={2017}
}

@inproceedings{zheng2021rethinking,
  title={Rethinking semantic segmentation from a sequence-to-sequence perspective with transformers},
  author={Zheng, Sixiao and Lu, Jiachen and Zhao, Hengshuang and Zhu, Xiatian and Luo, Zekun and Wang, Yabiao and Fu, Yanwei and Feng, Jianfeng and Xiang, Tao and Torr, Philip HS and others},
  booktitle=CVPR,
  pages={6881--6890},
  year={2021}
}

@inproceedings{wang2021pyramid,
  title={Pyramid vision transformer: A versatile backbone for dense prediction without convolutions},
  author={Wang, Wenhai and Xie, Enze and Li, Xiang and Fan, Deng-Ping and Song, Kaitao and Liang, Ding and Lu, Tong and Luo, Ping and Shao, Ling},
  booktitle=CVPR,
  pages={568--578},
  year={2021}
}

@article{xie2021segformer,
  title={SegFormer: Simple and efficient design for semantic segmentation with transformers},
  author={Xie, Enze and Wang, Wenhai and Yu, Zhiding and Anandkumar, Anima and Alvarez, Jose M and Luo, Ping},
  journal={Advances in Neural Information Processing Systems},
  volume={34},
  pages={12077--12090},
  year={2021}
}

@inproceedings{liu2021swin,
  title={Swin transformer: Hierarchical vision transformer using shifted windows},
  author={Liu, Ze and Lin, Yutong and Cao, Yue and Hu, Han and Wei, Yixuan and Zhang, Zheng and Lin, Stephen and Guo, Baining},
  booktitle=CVPR,
  pages={10012--10022},
  year={2021}
}

@inproceedings{zhao2018icnet,
  title={Icnet for real-time semantic segmentation on high-resolution images},
  author={Zhao, Hengshuang and Qi, Xiaojuan and Shen, Xiaoyong and Shi, Jianping and Jia, Jiaya},
  booktitle=ECCV,
  pages={405--420},
  year={2018}
}

@article{yu2021bisenet,
  title={Bisenet v2: Bilateral network with guided aggregation for real-time semantic segmentation},
  author={Yu, Changqian and Gao, Changxin and Wang, Jingbo and Yu, Gang and Shen, Chunhua and Sang, Nong},
  journal=IJCV,
  volume={129},
  pages={3051--3068},
  year={2021},
  publisher={Springer}
}

@inproceedings{fan2021rethinking,
  title={Rethinking bisenet for real-time semantic segmentation},
  author={Fan, Mingyuan and Lai, Shenqi and Huang, Junshi and Wei, Xiaoming and Chai, Zhenhua and Luo, Junfeng and Wei, Xiaolin},
  booktitle=CVPR,
  pages={9716--9725},
  year={2021}
}


@article{pan2022deep,
  title={Deep dual-resolution networks for real-time and accurate semantic segmentation of traffic scenes},
  author={Pan, Huihui and Hong, Yuanduo and Sun, Weichao and Jia, Yisong},
  journal={IEEE Transactions on Intelligent Transportation Systems},
  volume={24},
  number={3},
  pages={3448--3460},
  year={2022},
  publisher={IEEE}
}


@inproceedings{fang2022msg,
  title={Msg-transformer: Exchanging local spatial information by manipulating messenger tokens},
  author={Fang, Jiemin and Xie, Lingxi and Wang, Xinggang and Zhang, Xiaopeng and Liu, Wenyu and Tian, Qi},
  booktitle=CVPR,
  pages={12063--12072},
  year={2022}
}

@inproceedings{he2016deep,
  title={Deep residual learning for image recognition},
  author={He, Kaiming and Zhang, Xiangyu and Ren, Shaoqing and Sun, Jian},
  booktitle=CVPR,
  pages={770--778},
  year={2016}
}


@article{vaswani2017attention,
  title={Attention is all you need},
  author={Vaswani, Ashish and Shazeer, Noam and Parmar, Niki and Uszkoreit, Jakob and Jones, Llion and Gomez, Aidan N and Kaiser, {\L}ukasz and Polosukhin, Illia},
  journal=NIPS,
  volume={30},
  year={2017}
}

@inproceedings{ioffe2015batch,
  title={Batch normalization: Accelerating deep network training by reducing internal covariate shift},
  author={Ioffe, Sergey and Szegedy, Christian},
  booktitle=ICML,
  pages={448--456},
  year={2015},
  organization={pmlr}
}

@article{guo2022beyond,
  title={Beyond self-attention: External attention using two linear layers for visual tasks},
  author={Guo, Meng-Hao and Liu, Zheng-Ning and Mu, Tai-Jiang and Hu, Shi-Min},
  journal=TPAMI,
  year={2022},
  publisher={IEEE}
}

@inproceedings{shu2021channel,
  title={Channel-wise knowledge distillation for dense prediction},
  author={Shu, Changyong and Liu, Yifan and Gao, Jianfei and Yan, Zheng and Shen, Chunhua},
  booktitle=CVPR,
  pages={5311--5320},
  year={2021}
}

@inproceedings{milletari2016v,
  title={{V-Net}: Fully convolutional neural networks for volumetric medical image segmentation},
  author={Milletari, Fausto and Navab, Nassir and Ahmadi, Seyed-Ahmad},
  booktitle={International Conference on 3D Vision},
  year={2016}
}

@inproceedings{CamVid,
  author    = {Gabriel J. Brostow and Jamie Shotton and Julien Fauqueur and Roberto Cipolla},
  title     = {Segmentation and Recognition Using Structure from Motion Point Clouds},
  booktitle = ECCV,
  year      = {2008},
  pages     = {44-57}
}

@inproceedings{cordts2016cityscapes,
  title={The cityscapes dataset for semantic urban scene understanding},
  author={Cordts, Marius and Omran, Mohamed and Ramos, Sebastian and Rehfeld, Timo and Enzweiler, Markus and Benenson, Rodrigo and Franke, Uwe and Roth, Stefan and Schiele, Bernt},
  booktitle=CVPRE,
  pages={3213--3223},
  year={2016}
}

@inproceedings{zhou2017scene,
  title={Scene parsing through ade20k dataset},
  author={Zhou, Bolei and Zhao, Hang and Puig, Xavier and Fidler, Sanja and Barriuso, Adela and Torralba, Antonio},
  booktitle=CVPRE,
  pages={633--641},
  year={2017}
}

@inproceedings{deng2009imagenet,
  title={Imagenet: A large-scale hierarchical image database},
  author={Deng, Jia and Dong, Wei and Socher, Richard and Li, Li-Jia and Li, Kai and Fei-Fei, Li},
  booktitle=CVPRE,
  pages={248--255},
  year={2009},
  organization={Ieee}
}

@InProceedings{Zhao_2018_ECCV,
author = {Zhao, Hengshuang and Qi, Xiaojuan and Shen, Xiaoyong and Shi, Jianping and Jia, Jiaya},
title = {ICNet for Real-Time Semantic Segmentation on High-Resolution Images},
booktitle = ECCV,
month = {September},
year = {2018}
}

@inproceedings{li2019dfanet,
  title={Dfanet: Deep feature aggregation for real-time semantic segmentation},
  author={Li, Hanchao and Xiong, Pengfei and Fan, Haoqiang and Sun, Jian},
  booktitle=CVPR,
  pages={9522--9531},
  year={2019}
}

@inproceedings{lin2020graph,
  title={Graph-guided architecture search for real-time semantic segmentation},
  author={Lin, Peiwen and Sun, Peng and Cheng, Guangliang and Xie, Sirui and Li, Xi and Shi, Jianping},
  booktitle=CVPR,
  pages={4203--4212},
  year={2020}
}

@inproceedings{zhang2019customizable,
  title={Customizable architecture search for semantic segmentation},
  author={Zhang, Yiheng and Qiu, Zhaofan and Liu, Jingen and Yao, Ting and Liu, Dong and Mei, Tao},
  booktitle=CVPR,
  pages={11641--11650},
  year={2019}
}

@inproceedings{li2020semantic,
  title={Semantic flow for fast and accurate scene parsing},
  author={Li, Xiangtai and You, Ansheng and Zhu, Zhen and Zhao, Houlong and Yang, Maoke and Yang, Kuiyuan and Tan, Shaohua and Tong, Yunhai},
  booktitle=ECCV,
  pages={775--793},
  year={2020},
  organization={Springer}
}

@article{chen2019fasterseg,
  title={Fasterseg: Searching for faster real-time semantic segmentation},
  author={Chen, Wuyang and Gong, Xinyu and Liu, Xianming and Zhang, Qian and Li, Yuan and Wang, Zhangyang},
  journal={arXiv preprint arXiv:1912.10917},
  year={2019}
}

@article{hinton2015distilling,
  title={Distilling the knowledge in a neural network},
  author={Hinton, Geoffrey and Vinyals, Oriol and Dean, Jeff},
  journal={arXiv preprint arXiv:1503.02531},
  year={2015}
}

@inproceedings{touvron2021training,
  title={Training data-efficient image transformers \& distillation through attention},
  author={Touvron, Hugo and Cord, Matthieu and Douze, Matthijs and Massa, Francisco and Sablayrolles, Alexandre and J{\'e}gou, Herv{\'e}},
  booktitle=ICML,
  pages={10347--10357},
  year={2021},
  organization={PMLR}
}

@inproceedings{li2022locality,
  title={Locality guidance for improving vision transformers on tiny datasets},
  author={Li, Kehan and Yu, Runyi and Wang, Zhennan and Yuan, Li and Song, Guoli and Chen, Jie},
  booktitle=ECCV,
  pages={110--127},
  year={2022},
  organization={Springer}
}

@inproceedings{liu2022cross,
  title={Cross-Architecture Knowledge Distillation},
  author={Liu, Yufan and Cao, Jiajiong and Li, Bing and Hu, Weiming and Ding, Jingting and Li, Liang},
  booktitle=ACCV,
  pages={3396--3411},
  year={2022}
}

@article{paszke2016enet,
  title={Enet: A deep neural network architecture for real-time semantic segmentation},
  author={Paszke, Adam and Chaurasia, Abhishek and Kim, Sangpil and Culurciello, Eugenio},
  journal={arXiv preprint arXiv:1606.02147},
  year={2016}
}

@article{wu2017real,
  title={Real-time semantic image segmentation via spatial sparsity},
  author={Wu, Zifeng and Shen, Chunhua and Hengel, Anton van den},
  journal={arXiv preprint arXiv:1712.00213},
  year={2017}
}



@inproceedings{wang2022rtformer,
  title={RTFormer: Efficient Design for Real-Time Semantic Segmentation with Transformer},
  author={Wang, Jian and Gou, Chenhui and Wu, Qiman and Feng, Haocheng and Han, Junyu and Ding, Errui and Wang, Jingdong},
  booktitle={Advances in Neural Information Processing Systems},
  year={2022}
}

@misc{2020mmclassification,
    title={OpenMMLab's Image Classification Toolbox and Benchmark},
    author={MMClassification Contributors},
    howpublished = {\url{https://github.com/open-mmlab/mmclassification}},
    year={2020}
}

@inproceedings{caesar2018coco,
  title={Coco-stuff: Thing and stuff classes in context},
  author={Caesar, Holger and Uijlings, Jasper and Ferrari, Vittorio},
  booktitle={Proceedings of the IEEE conference on computer vision and pattern recognition},
  pages={1209--1218},
  year={2018}
}

@article{guo2022segnext,
  title={Segnext: Rethinking convolutional attention design for semantic segmentation},
  author={Guo, Meng-Hao and Lu, Cheng-Ze and Hou, Qibin and Liu, Zhengning and Cheng, Ming-Ming and Hu, Shi-Min},
  journal={Advances in Neural Information Processing Systems},
  volume={35},
  pages={1140--1156},
  year={2022}
}

@inproceedings{xu2023pidnet,
  title={PIDNet: A Real-Time Semantic Segmentation Network Inspired by PID Controllers},
  author={Xu, Jiacong and Xiong, Zixiang and Bhattacharyya, Shankar P},
  booktitle={Proceedings of the IEEE/CVF Conference on Computer Vision and Pattern Recognition},
  pages={19529--19539},
  year={2023}
}

@inproceedings{dong2023afformer,
  title={AFFormer: Head-Free Lightweight Semantic Segmentation with Linear Transformer},
  author={Bo, Dong and Pichao, Wang and Fan Wang},
  booktitle={Proceedings of the AAAI Conference on Artificial Intelligence},
  pages={},
  year={2023}
}

@article{peng2022pp,
  title={Pp-liteseg: A superior real-time semantic segmentation model},
  author={Peng, Juncai and Liu, Yi and Tang, Shiyu and Hao, Yuying and Chu, Lutao and Chen, Guowei and Wu, Zewu and Chen, Zeyu and Yu, Zhiliang and Du, Yuning and others},
  journal={arXiv preprint arXiv:2204.02681},
  year={2022}
}

@article{zhu2023good,
  title={A Good Student is Cooperative and Reliable: CNN-Transformer Collaborative Learning for Semantic Segmentation},
  author={Zhu, Jinjing and Luo, Yunhao and Zheng, Xu and Wang, Hao and Wang, Lin},
  journal={arXiv preprint arXiv:2307.12574},
  year={2023}
}


@article{loshchilov2017decoupled,
  title={Decoupled weight decay regularization},
  author={Loshchilov, Ilya and Hutter, Frank},
  journal={arXiv preprint arXiv:1711.05101},
  year={2017}
}


@article{li2022sfnet,
  title={Sfnet: Faster, accurate, and domain agnostic semantic segmentation via semantic flow},
  author={Li, Xiangtai and Zhang, Jiangning and Yang, Yibo and Cheng, Guangliang and Yang, Kuiyuan and Tong, Yunhai and Tao, Dacheng},
  journal={arXiv preprint arXiv:2207.04415},
  year={2022}
}

@inproceedings{ahn2019variational,
  title={Variational information distillation for knowledge transfer},
  author={Ahn, Sungsoo and Hu, Shell Xu and Damianou, Andreas and Lawrence, Neil D and Dai, Zhenwen},
  booktitle={Proceedings of the IEEE/CVF conference on computer vision and pattern recognition},
  pages={9163--9171},
  year={2019}
}

@inproceedings{yu2022metaformer,
  title={Metaformer is actually what you need for vision},
  author={Yu, Weihao and Luo, Mi and Zhou, Pan and Si, Chenyang and Zhou, Yichen and Wang, Xinchao and Feng, Jiashi and Yan, Shuicheng},
  booktitle={Proceedings of the IEEE/CVF conference on computer vision and pattern recognition},
  pages={10819--10829},
  year={2022}
}

@article{zhang2022segvit,
  title={Segvit: Semantic segmentation with plain vision transformers},
  author={Zhang, Bowen and Tian, Zhi and Tang, Quan and Chu, Xiangxiang and Wei, Xiaolin and Shen, Chunhua and others},
  journal={Advances in Neural Information Processing Systems},
  volume={35},
  pages={4971--4982},
  year={2022}
}

@article{chu2021twins,
  title={Twins: Revisiting the design of spatial attention in vision transformers},
  author={Chu, Xiangxiang and Tian, Zhi and Wang, Yuqing and Zhang, Bo and Ren, Haibing and Wei, Xiaolin and Xia, Huaxia and Shen, Chunhua},
  journal={Advances in Neural Information Processing Systems},
  volume={34},
  pages={9355--9366},
  year={2021}
}