@article{castro2009polynomial,
  title={Polynomial calculation of the Shapley value based on sampling},
  author={Castro, Javier and G{\'o}mez, Daniel and Tejada, Juan},
  journal={Computers \& Operations Research},
  volume={36},
  number={5},
  pages={1726--1730},
  year={2009},
  publisher={Elsevier}
}

@techreport{mann1962values,
  title={Values of large games. 6: Evaluating the electoral college exactly},
  author={Mann, Irwin and Shapley, Lloyd S},
  year={1962},
  institution={RAND CORP SANTA MONICA CA}
}

@article{aziz2016study,
  title={A study of proxies for shapley allocations of transport costs},
  author={Aziz, Haris and Cahan, Casey and Gretton, Charles and Kilby, Philip and Mattei, Nicholas and Walsh, Toby},
  journal={Journal of Artificial Intelligence Research},
  volume={56},
  pages={573--611},
  year={2016}
}

@article{winter2002shapley,
  title={The shapley value},
  author={Winter, Eyal},
  journal={Handbook of game theory with economic applications},
  volume={3},
  pages={2025--2054},
  year={2002},
  publisher={Elsevier}
}

@article{shapley1953value,
  title={A value for n-person games},
  author={Shapley, Lloyd S},
  journal={Contributions to the Theory of Games},
  volume={2},
  number={28},
  pages={307--317},
  year={1953}
}

@article{vickrey1961counterspeculation,
  title={Counterspeculation, auctions, and competitive sealed tenders},
  author={Vickrey, William},
  journal={The Journal of finance},
  volume={16},
  number={1},
  pages={8--37},
  year={1961},
  publisher={Wiley Online Library}
}

@article{clarke1971multipart,
  title={Multipart pricing of public goods},
  author={Clarke, Edward H},
  journal={Public choice},
  volume={11},
  number={1},
  pages={17--33},
  year={1971},
  publisher={Springer}
}

@article{groves1973incentives,
  title={Incentives in teams},
  author={Groves, Theodore},
  journal={Econometrica},
  volume={41},
  number={4},
  pages={617--631},
  year={1973}
}

@misc{uberCommision2016,
  author="Christian Perea",
  title={Whatâ€™s The Real Commission That Uber Takes From Its Drivers?},
  howpublished = "https://therideshareguy.com/whats-the-real-commission -that-uber-takes-from-its-drivers-infographic/",
  year={2016}
}

@techreport{santos2011summary,
  title={Summary of travel trends: 2009 national household travel survey},
  author={Santos, Adella and McGuckin, Nancy and Nakamoto, Hikari Yukiko and Gray, Danielle and Liss, Susan},
  year={2011},
  institution = {U.S Department of Transportation, Federal Highway Administration}
}

@article{yengin2012characterizing,
  title={Characterizing the Shapley value in fixed-route traveling salesman problems with appointments},
  author={Yengin, Duygu},
  journal={International Journal of Game Theory},
  volume={41},
  number={2},
  pages={271--299},
  year={2012},
  publisher={Springer}
}

@article{potters1992traveling,
  title={Traveling salesman games},
  author={Potters, Jos AM and Curiel, Imma J and Tijs, Stef H},
  journal={Mathematical Programming},
  volume={53},
  number={1-3},
  pages={199--211},
  year={1992},
  publisher={Springer}
}

@Article{Dijkstra1959,
author="Dijkstra, E. W.",
title="A note on two problems in connexion with graphs",
journal="Numerische Mathematik",
year="1959",
volume="1",
number="1",
pages="269--271"
}

@article{michalak2013efficient,
  title={Efficient computation of the shapley value for game-theoretic network centrality},
  author={Michalak, Tomasz P and Aadithya, Karthik V and Szczepanski, Piotr L and Ravindran, Balaraman and Jennings, Nicholas R},
  journal={Journal of Artificial Intelligence Research},
  volume={46},
  pages={607--650},
  year={2013}
}

@article{moulin2001strategyproof,
  title={Strategyproof sharing of submodular costs: budget balance versus efficiency},
  author={Moulin, Herv{\'e} and Shenker, Scott},
  journal={Economic Theory},
  volume={18},
  number={3},
  pages={511--533},
  year={2001},
  publisher={Springer}
}

@article{littlechild1973simple,
  title={A simple expression for the Shapley value in a special case},
  author={Littlechild, Stephen C and Owen, Guillermo},
  journal={Management Science},
  volume={20},
  number={3},
  pages={370--372},
  year={1973},
  publisher={INFORMS}
}

@inproceedings{kamar2009collaboration,
  title={Collaboration and shared plans in the open world: Studies of ridesharing},
  author={Kamar, Ece and Horvitz, Eric},
  booktitle={Proceedings of the 21st International Joint Conference on Artificial Intelligence},
  pages = {187--194},
  year={2009}
}

@inproceedings{kleiner2011mechanism,
  title={A mechanism for dynamic ride sharing based on parallel auctions},
  author={Kleiner, Alexander and Nebel, Bernhard and Ziparo, Vittorio Amos},
  booktitle={Proceedings of the 22nd International Joint Conference on Artificial Intelligence},
  pages = {266--272},
  year={2011}
}

@article{frisk2010cost,
  title={Cost allocation in collaborative forest transportation},
  author={Frisk, Mikael and G{\"o}the-Lundgren, Maud and J{\"o}rnsten, Kurt and R{\"o}nnqvist, Mikael},
  journal={European Journal of Operational Research},
  volume={205},
  number={2},
  pages={448--458},
  year={2010}
}

@article{tijs1986game,
 author = {S. H. Tijs and T. S. H. Driessen},
 journal = {Management Science},
 number = {8},
 pages = {1015--1028},
 title = {Game Theory and Cost Allocation Problems},
 volume = {32},
 year = {1986}
}

@article{besozzi2014traveling,
  title={The traveling salesman game for cost allocation: The case study of the bus service in castellanza},
  author={Besozzi, Nicola and Ruschetti, Luca and Rossignoli, Chiara and Strozzi, Fernanda},
  journal={Game theory},
  volume={2014},
  year={2014}
}

@article{ozener2008allocating,
  title={Allocating costs in a collaborative transportation procurement network},
  author={{\"O}zener, Okan {\"O}rsan and Ergun, {\"O}zlem},
  journal={Transportation Science},
  volume={42},
  number={2},
  pages={146--165},
  year={2008}
}

@inproceedings{bistaffa2015recommending,
  title={Recommending fair payments for large-scale social ridesharing},
  author={Bistaffa, Filippo and Farinelli, Alessandro and Chalkiadakis, Georgios and Ramchurn, Sarvapali D},
  booktitle={Proceedings of the 9th ACM Conference on Recommender Systems},
  pages={139--146},
  year={2015}
}

@article{guajardo2016review,
  title={A review on cost allocation methods in collaborative transportation},
  author={Guajardo, Mario and R{\"o}nnqvist, Mikael},
  journal={International transactions in operational research},
  volume={23},
  number={3},
  pages={371--392},
  year={2016}
}

@Article{Fiestras-Janeiro2012,
author="Fiestras-Janeiro, M. G.
and Garc{\'i}a-Jurado, I.
and Meca, A.
and Mosquera, M. A.",
title="Cost allocation in inventory transportation systems",
journal="TOP",
year="2012",
volume="20",
number="2",
pages="397--410"
}

@article{ozener2014developing,
  title={Developing a collaborative planning framework for sustainable transportation},
  author={{\"O}zener, Okan {\"O}rsan},
  journal={Mathematical Problems in Engineering},
  year={2014}
}

@article{vanovermeire2014horizontal,
  title={Horizontal logistics collaboration: decreasing costs through flexibility and an adequate cost allocation strategy},
  author={Vanovermeire, Christine and S{\"o}rensen, Kenneth and Van Breedam, Alex and Vannieuwenhuyse, Bart and Verstrepen, Sven},
  journal={International Journal of Logistics Research and Applications},
  volume={17},
  number={4},
  pages={339--355},
  year={2014}
}

@article{sun2015transportation,
  title={Transportation cost allocation on a fixed route},
  author={Sun, Lei and Rangarajan, Atul and Karwan, Mark H and Pinto, Jose M},
  journal={Computers \& Industrial Engineering},
  volume={83},
  pages={61--73},
  year={2015}
}

@article {Alonso-Mora462,
	author = {Alonso-Mora, Javier and Samaranayake, Samitha and Wallar, Alex and Frazzoli, Emilio and Rus, Daniela},
	title = {On-demand high-capacity ride-sharing via dynamic trip-vehicle assignment},
	volume = {114},
	number = {3},
	pages = {462--467},
	year = {2017},
	journal = {Proceedings of the National Academy of Sciences}
}

@article{psaraftis2016dynamic,
  title={Dynamic vehicle routing problems: Three decades and counting},
  author={Psaraftis, Harilaos N and Wen, Min and Kontovas, Christos A},
  journal={Networks},
  volume={67},
  number={1},
  pages={3--31},
  year={2016}
}

@Article{molenbruch2017,
author="Molenbruch, Yves and Braekers, Kris and Caris, An",
title="Typology and literature review for dial-a-ride problems",
journal="Annals of Operations Research",
year="2017"
}

@inproceedings{cheng2014mechanisms,
  title={Mechanisms for arranging ride sharing and fare splitting for last-mile travel demands},
  author={Cheng, Shih-Fen and Nguyen, Duc Thien and Lau, Hoong Chuin},
  booktitle={Proceedings of the 13th International Conference on Autonomous Agents and Multi-agent Systems},
  pages={1505--1506},
  year={2014}
}

@article{fishburn1983fixed,
  title={Fixed-route cost allocation},
  author={Fishburn, PC and Pollak, HO},
  journal={The American Mathematical Monthly},
  volume={90},
  number={6},
  pages={366--378},
  year={1983}
}

@inproceedings{zhao2014incentives,
  title={Incentives in ridesharing with deficit control},
  author={Zhao, Dengji and Zhang, Dongmo and Gerding, Enrico H and Sakurai, Yuko and Yokoo, Makoto},
  booktitle={Proceedings of the 13th International Conference on Autonomous Agents and Multi-agent systems},
  pages={1021--1028},
  year={2014}
}