@misc{benade2018efficiency,
  title={Efficiency and usability of participatory budgeting methods},
  author={Benade, Gerdus and Itzhak, Nevo and Shah, Nisarg and Procaccia, Ariel D and Gal, Y},
  year={2018},
  note={Forthcoming},
  publisher={unpublished}
}

@inproceedings{hershkowitz2021district,
  title={District-fair participatory budgeting},
  author={Hershkowitz, D Ellis and Kahng, Anson and Peters, Dominik and Procaccia, Ariel D},
  booktitle={Proceedings of the 35th AAAI Conference on Artificial Intelligence},
  pages={5464--5471},
  year={2021}
}

@inproceedings{jain2020participatory,
  title={Participatory Budgeting with Project Interactions.},
  author={Jain, Pallavi and Sornat, Krzysztof and Talmon, Nimrod},
  booktitle={Proceedings of the 29th International Joint Conference on Artificial Intelligence},
  pages={386--392},
  year={2020}
}
@inproceedings{PS20,
  title={Proportionality and the limits of welfarism},
  author={Peters, Dominik and Skowron, Piotr},
  booktitle={Proceedings of the 21st ACM Conference on Economics and Computation},
  pages={793--794},
  year={2020}
}

@article{rauterberg1992method,
  title={A method of a quantitative measurement of cognitive complexity},
  author={Rauterberg, Matthias},
  journal={Human-computer interaction: Tasks and organisation},
  pages={295--307},
  year={1992},
  publisher={Citeseer}
}

@inproceedings{MPSW19,
 author = {Mandal, Debmalya and Procaccia, Ariel D and Shah, Nisarg and Woodruff, David},
 booktitle = {Advances in Neural Information Processing Systems},
 editor = {H. Wallach and H. Larochelle and A. Beygelzimer and F. d\textquotesingle Alch\'{e}-Buc and E. Fox and R. Garnett},
 pages = {},
 publisher = {Curran Associates, Inc.},
 title = {Efficient and Thrifty Voting by Any Means Necessary},
 url = {https://proceedings.neurips.cc/paper_files/paper/2019/file/c09f9caf5e08836d4673ccdd69bb041e-Paper.pdf},
 volume = {32},
 year = {2019}
}

@article{goel2016knapsack,
  title={Knapsack voting: Voting mechanisms for participatory budgeting},
  author={Goel, Ashish and Krishnaswamy, Anilesh K and Sakshuwong, Sukolsak and Aitamurto, Tanja},
  journal={Unpublished manuscript},
  year={2016}
}

@article{goel2019knapsack,
  title={Knapsack voting for participatory budgeting},
  author={Goel, Ashish and Krishnaswamy, Anilesh K and Sakshuwong, Sukolsak and Aitamurto, Tanja},
  journal={ACM Transactions on Economics and Computation (TEAC)},
  volume={7},
  number={2},
  pages={1--27},
  year={2019},
  publisher={ACM New York, NY, USA}
}

@article{peters2020proportional,
  title={Proportional Participatory Budgeting with Cardinal Utilities},
  author={Peters, Dominik and Pierczy{\'n}ski, Grzegorz and Skowron, Piotr},
  journal={arXiv preprint arXiv:2008.13276},
  year={2020}
}

@article{peters2021proportional,
  title={Proportional participatory budgeting with additive utilities},
  author={Peters, Dominik and Pierczy{\'n}ski, Grzegorz and Skowron, Piotr},
  journal={Advances in Neural Information Processing Systems},
  volume={34},
  pages={12726--12737},
  year={2021}
}

@inproceedings{zepic2017participatory,
  title={Participatory budgeting without participants: Identifying barriers on accessibility and usage of German participatory budgeting},
  author={Zepic, Robert and Dapp, Marcus and Krcmar, Helmut},
  booktitle={2017 Conference for E-Democracy and Open Government (CeDEM)},
  pages={26--35},
  year={2017},
  organization={IEEE}
}

@article{sintomer2008participatory,
  title={Participatory budgeting in Europe: Potentials and challenges},
  author={Sintomer, Yves and Herzberg, Carsten and R{\"o}cke, Anja},
  journal={International journal of urban and regional research},
  volume={32},
  number={1},
  pages={164--178},
  year={2008},
  publisher={Wiley Online Library}
}

@article{su2017porto,
  title={From Porto Alegre to New York City: Participatory Budgeting and Democracy},
  author={Su, Celina},
  journal={New Political Science},
  volume={39},
  number={1},
  pages={67--75},
  year={2017},
  publisher={Taylor \& Francis}
}

@incollection{aziz2021participatory,
  title={Participatory budgeting: Models and approaches},
  author={Aziz, Haris and Shah, Nisarg},
  booktitle={Pathways Between Social Science and Computational Social Science},
  pages={215--236},
  year={2021},
  publisher={Springer}
}

@inproceedings{aziz2017proportionally,
  title={Proportionally representative participatory budgeting: Axioms and algorithms},
  author={Aziz, Haris and Lee, Barton and Talmon, Nimrod},
  booktitle={Proceedings of the 17th 
  AAMAS},
  pages={23-31},
  year={2021}
}

@inproceedings{fluschnik2019fair,
  title={Fair knapsack},
  author={Fluschnik, Till and Skowron, Piotr and Triphaus, Mervin and Wilker, Kai},
  booktitle={AAAI},
  volume={33},
  number={01},
  pages={1941--1948},
  year={2019}
}

@article{aziz2020expanding,
  title={The expanding approvals rule: improving proportional representation and monotonicity},
  author={Aziz, Haris and Lee, Barton E},
  journal={Social Choice and Welfare},
  volume={54},
  number={1},
  pages={1--45},
  year={2020},
  publisher={Springer}
}

 

@article{benade2021preference,
  title={Preference elicitation for participatory budgeting},
  author={Benade, Gerdus and Nath, Swaprava and Procaccia, Ariel D and Shah, Nisarg},
  journal={Management Science},
  volume={67},
  number={5},
  pages={2813--2827},
  year={2021},
  publisher={INFORMS}
}

@article{stewart2014participatory,
  title={Participatory budgeting in the United States: a preliminary analysis of Chicago's 49th Ward experiment},
  author={Stewart, LaShonda M and Miller, Steven A and Hildreth, RW and Wright-Phillips, Maja V},
  journal={New Political Science},
  volume={36},
  number={2},
  pages={193--218},
  year={2014},
  publisher={Taylor \& Francis}
}

@article{maeroe2021increasing,
  title={Increasing citizen participation in e-participatory budgeting processes},
  author={M{\ae}r{\o}e, Anders R{\o}sten and Norta, Alexander and Tsap, Valentyna and Pappel, Ingrid},
  journal={Journal of Information Technology \& Politics},
  volume={18},
  number={2},
  pages={125--147},
  year={2021},
  publisher={Taylor \& Francis}
}

@article{skowron2020participatory,
  title={Participatory Budgeting with Cumulative Votes},
  author={Skowron, Piotr and Slinko, Arkadii and Szufa, Stanis{\l}aw and Talmon, Nimrod},
  journal={arXiv preprint arXiv:2009.02690},
  year={2020}
}

@inproceedings{talmon2019framework,
  title={A framework for approval-based budgeting methods},
  author={Talmon, Nimrod and Faliszewski, Piotr},
  booktitle={Proceedings of the 33rd AAAI Conference on Artificial Intelligence},
  pages={2181--2188},
  year={2019}
}

@inproceedings{michorzewski2020price,
  title={Price of fairness in budget division and probabilistic social choice},
  author={Michorzewski, Marcin and Peters, Dominik and Skowron, Piotr},
  booktitle={Proceedings of the 34th AAAI Conference on Artificial Intelligence}, 
  pages={2184--2191},
  year={2020}
}

@inproceedings{fairstein2022welfare,
  title={Welfare vs. Representation in Participatory Budgeting},
  author={Fairstein, Roy and Reshef, Meir and Vilenchik, Dan and Gal, Kobi},
  booktitle={Proceedings of the 22nd International Conference on Autonomous Agents and Multi-Agent Systems},
  pages={409â€“417},
  year={2022},
}

@inproceedings{fain2016core,
  title={The core of the participatory budgeting problem},
  author={Fain, Brandon and Goel, Ashish and Munagala, Kamesh},
  booktitle={International Conference on Web and Internet Economics},
  pages={384--399},
  year={2016},
  organization={Springer}
}


@inproceedings{fain2018fair,
  title={Fair allocation of indivisible public goods},
  author={Fain, Brandon and Munagala, Kamesh and Shah, Nisarg},
  booktitle={Proceedings of the 2018 ACM Conference on Economics and Computation (ACM-EC-2018)},
  pages={575--592},
  year={2018}
}

@inproceedings{aziz2018proportionally,
  title={Proportionally Representative Participatory Budgeting: Axioms and Algorithms},
  author={Aziz, Haris and Lee, Barton E and Talmon, Nimrod},
  booktitle={Proceedings of the 17th International Conference on Autonomous Agents and Multi-Agent Systems},
  pages={23--31},
  year={2018}
}

@article{aziz2017justified,
  title={Justified representation in approval-based committee voting},
  author={Aziz, Haris and Brill, Markus and Conitzer, Vincent and Elkind, Edith and Freeman, Rupert and Walsh, Toby},
  journal={Social Choice and Welfare},
  volume={48},
  number={2},
  pages={461--485},
  year={2017},
  publisher={Springer}
}

@inproceedings{sanchez2017proportional,
  title={Proportional justified representation},
  author={S{\'a}nchez-Fern{\'a}ndez, Luis and Elkind, Edith and Lackner, Martin and Fern{\'a}ndez, Norberto and Fisteus, Jes{\'u}s and Val, Pablo Basanta and Skowron, Piotr},
  booktitle={Proceedings of the 31st AAAI Conference on Artificial Intelligence},
  year={2017}, 
  pages={670-676}
}

@techreport{carroll2016democratizing,
  title={Democratizing tax increment financing funds through participatory budgeting},
  author={Carroll, Cecile and Crum, Thea and Gaete, Carolina and Hadden, Maria and Weber, Rachel},
  journal={Chicago, IL: Blocks Together, Great Cities Institute, and Participatory Budgeting Project},
  year={2016}, 
  institution={University of Illinois at Chicago. Great Cities Institute}, 
  note={https://greatcities.uic.edu/2016/06/01/democratizing-tax-increment-financing-funds/}
}