@article{shapley1953value,
  title={A value for n-person games},
  author={Shapley, Lloyd S},
  journal={Contributions to the Theory of Games},
  volume={2},
  number={28},
  pages={307--317},
  year={1953}
}

@article{harsanyi1963simplified,
 ISSN = {00206598, 14682354},
 URL = {http://www.jstor.org/stable/2525487},
 author = {John C. Harsanyi},
 journal = {International Economic Review},
 number = {2},
 pages = {194--220},
 publisher = {[Economics Department of the University of Pennsylvania, Wiley, Institute of Social and Economic Research, Osaka University]},
 title = {A Simplified Bargaining Model for the n-Person Cooperative Game},
 volume = {4},
 year = {1963}
}

@incollection{harsanyi1959bargaining,
author = {John C. Harsanyi},
editor = {Albert William Tucker and Robert Duncan Luce},
doi = {doi:10.1515/9781400882168-019},
url = {https://doi.org/10.1515/9781400882168-019},
title = {A Bargaining Model for the Cooperative n-Person Game},
booktitle = {Contributions to the Theory of Games (AM-40), Volume IV},
year = {1959},
publisher = {Princeton University Press},
pages = {325--356}
}

@article{Schmeidler1969TheNO,
  title={The Nucleolus of a Characteristic Function Game},
  author={D. Schmeidler},
  journal={Siam Journal on Applied Mathematics},
  year={1969},
  volume={17},
  pages={1163-1170}
}

@article{winter2002shapley,
  title={The {S}hapley value},
  author={Winter, Eyal},
  journal={Handbook of game theory with economic applications},
  volume={3},
  pages={2025--2054},
  year={2002},
  publisher={Elsevier}
}

@incollection{hart1989shapley,
  title={Shapley value},
  author={Hart, Sergiu},
  booktitle={Game Theory},
  pages={210--216},
  year={1989},
  publisher={Springer}
}

@article{de2018membership,
  title={Membership separability: A new axiomatization of the Shapley value},
  author={de Clippel, Geoffroy},
  journal={Games and Economic Behavior},
  volume={108},
  pages={125--129},
  year={2018},
  publisher={Elsevier}
}

@inproceedings{oinas2008systematic,
  title={A systematic framework for designing and evaluating persuasive systems},
  author={Oinas-Kukkonen, Harri and Harjumaa, Marja},
  booktitle={International conference on persuasive technology},
  pages={164--176},
  year={2008},
  organization={Springer}
}

@article{fogg2002persuasive,
author = {Fogg, BJ},
year = {2002},
month = {01},
pages = {},
title = {Persuasive Technology: Using Computers to Change What We Think and Do},
volume = {3},
journal = {Ubiquity},
doi = {10.1145/763955.763957}
}

@article{kellermann1994classifying,
  title={Classifying compliance gaining messages: Taxonomic disorder and strategic confusion},
  author={Kellermann, Kathy and Cole, Tim},
  journal={Communication Theory},
  volume={4},
  number={1},
  pages={3--60},
  year={1994},
  publisher={Wiley Online Library}
}

@article{cialdini2001science,
  title={The science of persuasion},
  author={Cialdini, Robert B},
  journal={Scientific American},
  volume={284},
  number={2},
  pages={76--81},
  year={2001},
  publisher={JSTOR}
}

@article{anagnostopoulou2018persuasive,
  title={Persuasive technologies for sustainable mobility: State of the art and emerging trends},
  author={Anagnostopoulou, Evangelia and Bothos, Efthimios and Magoutas, Babis and Schrammel, Johann and Mentzas, Gregoris},
  journal={Sustainability},
  volume={10},
  number={7},
  pages={2128},
  year={2018},
  publisher={Multidisciplinary Digital Publishing Institute}
}

@inproceedings{core2006building,
  title={Building explainable artificial intelligence systems},
  author={Core, Mark G and Lane, H Chad and Van Lent, Michael and Gomboc, Dave and Solomon, Steve and Rosenberg, Milton and others},
  booktitle={AAAI},
  pages={1766--1773},
  year={2006}
}

@article{gunning2019xai,
  title={XAI—Explainable artificial intelligence},
  author={Gunning, David and Stefik, Mark and Choi, Jaesik and Miller, Timothy and Stumpf, Simone and Yang, Guang-Zhong},
  journal={Science Robotics},
  volume={4},
  number={37},
  year={2019},
  publisher={Science Robotics}
}

@article{adadi2018peeking,
  title={Peeking inside the black-box: a survey on explainable artificial intelligence (XAI)},
  author={Adadi, Amina and Berrada, Mohammed},
  journal={IEEE access},
  volume={6},
  pages={52138--52160},
  year={2018},
  publisher={IEEE}
}

@article{doran2017does,
  title={What does explainable AI really mean? A new conceptualization of perspectives},
  author={Doran, Derek and Schulz, Sarah and Besold, Tarek R},
  journal={arXiv preprint arXiv:1710.00794},
  year={2017}
}

@misc{holzinger2017need,
      title={What do we need to build explainable AI systems for the medical domain?}, 
      author={Andreas Holzinger and Chris Biemann and Constantinos S. Pattichis and Douglas B. Kell},
      year={2017},
      eprint={1712.09923},
      archivePrefix={arXiv},
      primaryClass={cs.AI}
}

@inproceedings{kraus2020ai,
  title={AI for explaining decisions in multi-agent environments},
  author={Kraus, Sarit and Azaria, Amos and Fiosina, Jelena and Greve, Maike and Hazon, Noam and Kolbe, Lutz and Lembcke, Tim-Benjamin and Muller, Jorg P and Schleibaum, Soren and Vollrath, Mark},
  booktitle={Proceedings of the AAAI Conference on Artificial Intelligence},
  volume={34},
  pages={13534--13538},
  year={2020}
}

@incollection{procaccia2019axioms,
  title={Axioms should explain solutions},
  author={Procaccia, Ariel D},
  booktitle={The Future of Economic Design},
  pages={195--199},
  year={2019},
  publisher={Springer}
}

@inproceedings{Cailloux2016ArguingAV,
  title={Arguing about Voting Rules},
  author={O. Cailloux and U. Endriss},
  booktitle={AAMAS},
  year={2016}
}

@article{stern2019hodge,
  title={Hodge decomposition and the Shapley value of a cooperative game},
  author={Stern, Ari and Tettenhorst, Alexander},
  journal={Games and Economic Behavior},
  volume={113},
  pages={186--198},
  year={2019},
  publisher={Elsevier}
}

@inproceedings{lundberg2017unified,
  title={A unified approach to interpreting model predictions},
  author={Lundberg, Scott M and Lee, Su-In},
  booktitle={Proceedings of the 31st international conference on neural information processing systems},
  pages={4768--4777},
  year={2017}
}

@inproceedings{kumar2020problems,
  title={Problems with Shapley-value-based explanations as feature importance measures},
  author={Kumar, I Elizabeth and Venkatasubramanian, Suresh and Scheidegger, Carlos and Friedler, Sorelle},
  booktitle={International Conference on Machine Learning},
  pages={5491--5500},
  year={2020},
  organization={PMLR}
}

@article{peters2020explainable,
  title={Explainable voting},
  author={Peters, Dominik and Procaccia, Ariel D},
  journal={NeurIPS},
  year={2020}
}

@article{Goldman14spliddit:unleashing,
author = {Goldman, Jonathan and Procaccia, Ariel D.},
title = {Spliddit: Unleashing Fair Division Algorithms},
year = {2015},
issue_date = {December 2014},
publisher = {Association for Computing Machinery},
address = {New York, NY, USA},
volume = {13},
number = {2},
url = {https://doi.org/10.1145/2728732.2728738},
doi = {10.1145/2728732.2728738},
journal = {SIGecom Exch.},
month = jan,
pages = {41–46},
numpages = {6},
keywords = {fair division}
}

@article{MUALLA2021103573,
title = {The Quest of Parsimonious XAI: a Human-Agent Architecture for Explanation Formulation},
journal = {Artificial Intelligence},
pages = {1-26},
volume = {302},
year = {2021},
author = {Yazan Mualla and Igor Tchappi and Timotheus Kampik and Amro Najjar and Davide Calvaresi and Abdeljalil Abbas-Turki and Stéphane Galland and Christophe Nicolle}
}

@article{paolacci2010running,
  title={Running experiments on amazon mechanical turk},
  author={Paolacci, Gabriele and Chandler, Jesse and Ipeirotis, Panagiotis G},
  journal={Judgment and Decision making},
  volume={5},
  number={5},
  pages={411--419},
  year={2010}
}

@article{likert1932technique,
  title={A technique for the measurement of attitudes.},
  author={Likert, Rensis},
  journal={Archives of psychology},
  year={1932}
}

@article{joshi2015likert,
  title={Likert scale: Explored and explained},
  author={Joshi, Ankur and Kale, Saket and Chandel, Satish and Pal, D Kumar},
  journal={British Journal of Applied Science \& Technology},
  volume={7},
  number={4},
  pages={396},
  year={2015},
  publisher={SCIENCEDOMAIN International}
}

@incollection{harrell2015ordinal,
  title={Ordinal logistic regression},
  author={Harrell, Frank E},
  booktitle={Regression modeling strategies},
  pages={311--325},
  year={2015},
  publisher={Springer}
}

@book{moulin2004fair,
  title={Fair division and collective welfare},
  author={Moulin, Herv{\'e}},
  year={2004},
  publisher={MIT press}
}