@article {elegazzar2021alpha,
Author = {Elgazzar, Heba and Spurlock, Kyle and Bogart, Tanner},
Title = {Evolutionary clustering and community detection algorithms for social media health surveillance},
Journal = {Machine learning with applications},
publisher={Elsevier},
Year = {2021},
DOI = {10.1016/j.mlwa.2021.100084},
}


@article{blondel2008louvain,
author={Blondel, Vincent D and Guillaume, Jean-Loup and Lambiotte, Renaud and Lefebvre, Etienne},
title={Fast unfolding of communities in large networks},
journal={Journal of statistical mechanics: theory and experiment},
year={2008},
}

@article{lancichinetti2008benchmark,
author={Lancichinetti, Andrea and Fortunato, Santo and Radicchi, Filippo},
title={Benchmark graphs for testing community detection algorithms},
journal={Physical review E},
year={2008}
}


@inproceedings{aynaud2010smoothed,
title={Static community detection algorithms for evolving networks},
author={Aynaud, Thomas and Guillaume, Jean-Loup},
booktitle={8th international symposium on modeling and optimization in mobile, ad hoc, and wireless networks},
year={2010}
}

@article{dakiche2019survey,
title={Tracking community evolution in social networks: A survey},
author={Dakiche, Narimene and Tayeb, Fatima Benbouzid-Si and Slimani, Yahya and Benatchba, Karima},
journal={Information Processing \& Management},
year={2019},
}

@article{stehle2011dataset,
title={High-resolution measurements of face-to-face contact patterns in a primary school},
author={Stehl{\'e}, Juliette and Voirin, Nicolas and Barrat, Alain and Cattuto, Ciro and Isella, Lorenzo and Pinton, Jean-Fran{\c{c}}ois and Quaggiotto, Marco and Van den Broeck, Wouter and R{\'e}gis, Corinne and Lina, Bruno and others},
journal={PloS one},
year={2011},
}

@inproceedings{vinh2009ami,
title={Information theoretic measures for clusterings comparison: is a correction for chance necessary?},
author={Vinh, Nguyen Xuan and Epps, Julien and Bailey, James},
booktitle={Proceedings of the 26th annual international conference on machine learning},
year={2009}
}

@article{ng2001spectral,
  title={On spectral clustering: Analysis and an algorithm},
  author={Ng, Andrew and Jordan, Michael and Weiss, Yair},
  journal={Advances in neural information processing systems},
  volume={14},
  year={2001}
}

@inproceedings{dall2020spectral2,
  title={Optimal laplacian regularization for sparse spectral community detection},
  author={Dallâ€™Amico, Lorenzo and Couillet, Romain and Tremblay, Nicolas},
  booktitle={ICASSP 2020-2020 IEEE International Conference on Acoustics, Speech and Signal Processing (ICASSP)},
  pages={3237--3241},
  year={2020},
  organization={IEEE}
}

@article{li2022hierarchical,
  title={Hierarchical community detection by recursive partitioning},
  author={Li, Tianxi and Lei, Lihua and Bhattacharyya, Sharmodeep and Van den Berge, Koen and Sarkar, Purnamrita and Bickel, Peter J and Levina, Elizaveta},
  journal={Journal of the American Statistical Association},
  volume={117},
  number={538},
  pages={951--968},
  year={2022},
  publisher={Taylor \& Francis}
}

@article{peixoto2019statistical,
  title={Network reconstruction and community detection from dynamics},
  author={Peixoto, Tiago P},
  journal={Physical review letters},
  volume={123},
  number={12},
  pages={128301},
  year={2019},
  publisher={APS}
}

@article{geng2019probabilistic,
  title={Probabilistic community detection with unknown number of communities},
  author={Geng, Junxian and Bhattacharya, Anirban and Pati, Debdeep},
  journal={Journal of the American Statistical Association},
  volume={114},
  number={526},
  pages={893--905},
  year={2019},
  publisher={Taylor \& Francis}
}

@article{wang2019time,
title={Time-dependent graphs: Definitions, applications, and algorithms},
author={Wang, Yishu and Yuan, Ye and Ma, Yuliang and Wang, Guoren},
journal={Data Science and Engineering},
year={2019},
}

@article{newman2006modularity,
title={Modularity and community structure in networks},
author={Newman, Mark EJ},
journal={Proceedings of the national academy of sciences},
year={2006},
}

@inproceedings{spiliopoulou2013monic,
title={MONIC and followups on modeling and monitoring cluster transitions},
author={Spiliopoulou, Myra and Ntoutsi, Eirini and Theodoridis, Yannis and Schult, Rene},
booktitle={Machine Learning and Knowledge Discovery in Databases: European Conference, ECML PKDD 2013, Prague, Czech Republic, September 23-27, 2013, Proceedings, Part III 13},
year={2013},
}

@article{Baraba_si_1999,
author = {Albert-La\'szlo\' Baraba\'si and Re\'ka Albert},
title = {Emergence of Scaling in Random Networks},
journal = {Science},
year = 1999,
doi = {10.1126/science.286.5439.509},
}

@article{girvan2002community,
title={Community structure in social and biological networks},
author={Girvan, Michelle and Newman, Mark EJ},
journal={Proceedings of the national academy of sciences},
year={2002},
}

@article{clauset2004finding,
  title={Finding community structure in very large networks},
  author={Clauset, Aaron and Newman, Mark EJ and Moore, Cristopher},
  journal={Physical review E},
  volume={70},
  number={6},
  pages={066111},
  year={2004},
  publisher={APS}
}

@article{lancichinetti2011modularity,
title = {Limits of modularity maximization in community detection},
author = {Lancichinetti, Andrea and Fortunato, Santo},
journal = {Phys. Rev. E},
year = {2011},
doi = {10.1103/PhysRevE.84.066122},
}

@article{gemmetto2014mitigation,
  title={Mitigation of infectious disease at school: targeted class closure vs school closure},
  author={Gemmetto, Valerio and Barrat, Alain and Cattuto, Ciro},
  journal={BMC infectious diseases},
  volume={14},
  number={1},
  pages={1--10},
  year={2014},
  publisher={BioMed Central}
}