@STRING{TCSVT = "{IEEE} Transactions on Circuits and Systems for Video Technology"}
@STRING{TIP = "{IEEE} Transactions on Image Processing"}
@STRING{TMM = "{IEEE} Transactions on Multimedia"}
@STRING{TNNLS = "{IEEE} Transactions on Neural Networks and Learning Systems"}
@STRING{TVCG = "{IEEE} Transactions on Visualization and Computer Graphics"}
@STRING{TOG = "{ACM} Transactions on Graphics"}
@STRING{TPAMI = "{IEEE} Transactions on Pattern Analysis and Machine Intelligence"}
@STRING{ICPR = "International Conference on Pattern Recognition"}
@STRING{CVPR = "Proceedings of the {IEEE} Conference on Computer Vision and Pattern Recognition"}
@STRING{ECCV = "Proceedings of the European Conference on Computer Vision"}
@STRING{ICCV = "Proceedings of the {IEEE} International Conference on Computer Vision"}
@STRING{WACV = "Proceedings of the {IEEE} Winter Conference on Applications of Computer Vision"}
@STRING{BMVC = "The British Machine Vision Conference"}
@STRING{ICRA = "International Conference on Robotics and Automation"}
@STRING{NIPS = "Advances in Neural Information Processing Systems"}
@STRING{MM = "Proceedings of the {ACM} International Conference on Multimedia"}
@STRING{ICME = "IEEE International Conference on Multimedia and Expo"}
@STRING{ICLR = "International Conference on Learning Representations"}
@STRING{IJCAI = "International Joint Conferences on Artificial Intelligence"}
@STRING{AAAI = "Proceedings of the AAAI Conference on Artificial Intelligence"}

@article{gao2022nerf,
  title={Nerf: Neural radiance field in 3d vision, a comprehensive review},
  author={Gao, Kyle and Gao, Yina and He, Hongjie and Lu, Denning and Xu, Linlin and Li, Jonathan},
  journal={arXiv preprint arXiv:2210.00379},
  year={2022}
}


@inproceedings{mihajlovic2022keypointnerf,
  title={KeypointNeRF: Generalizing image-based volumetric avatars using relative spatial encoding of keypoints},
  author={Mihajlovic, Marko and Bansal, Aayush and Zollhoefer, Michael and Tang, Siyu and Saito, Shunsuke},
  booktitle=ECCV,
  pages={179--197},
  year={2022},
}

@article{poole2022dreamfusion,
  title={Dreamfusion: Text-to-3d using 2d diffusion},
  author={Poole, Ben and Jain, Ajay and Barron, Jonathan T and Mildenhall, Ben},
  journal={arXiv preprint arXiv:2209.14988},
  year={2022}
}

@inproceedings{turki2022mega,
  title={Mega-nerf: Scalable construction of large-scale nerfs for virtual fly-throughs},
  author={Turki, Haithem and Ramanan, Deva and Satyanarayanan, Mahadev},
  booktitle=CVPR,
  pages={12922--12931},
  year={2022}
}

@article{kwon2021neural,
  title={Neural human performer: Learning generalizable radiance fields for human performance rendering},
  author={Kwon, Youngjoong and Kim, Dahun and Ceylan, Duygu and Fuchs, Henry},
  journal=NIPS,
  volume={34},
  pages={24741--24752},
  year={2021}
}

@article{jiang2022instantavatar,
  title={InstantAvatar: Learning Avatars from Monocular Video in 60 Seconds},
  author={Jiang, Tianjian and Chen, Xu and Song, Jie and Hilliges, Otmar},
  journal={arXiv preprint arXiv:2212.10550},
  year={2022}
}

@article{mildenhall2021nerf,
  title={Nerf: Representing scenes as neural radiance fields for view synthesis},
  author={Mildenhall, Ben and Srinivasan, Pratul P and Tancik, Matthew and Barron, Jonathan T and Ramamoorthi, Ravi and Ng, Ren},
  journal={Communications of the ACM},
  volume={65},
  number={1},
  pages={99--106},
  year={2021},
  publisher={ACM New York, NY, USA}
}

@inproceedings{newell2016stacked,
  title={Stacked hourglass networks for human pose estimation},
  author={Newell, Alejandro and Yang, Kaiyu and Deng, Jia},
  booktitle=ECCV,
  pages={483--499},
  year={2016},
}

@inproceedings{xiu2022icon,
  title={ICON: implicit clothed humans obtained from normals},
  author={Xiu, Yuliang and Yang, Jinlong and Tzionas, Dimitrios and Black, Michael J},
  booktitle=CVPR,
  pages={13286--13296},
  year={2022},
}

@inproceedings{johnson2016perceptual,
  title={Perceptual losses for real-time style transfer and super-resolution},
  author={Johnson, Justin and Alahi, Alexandre and Fei-Fei, Li},
  booktitle=ECCV,
  pages={694--711},
  year={2016},
}

@article{hong2022eva3d,
  title={Eva3d: Compositional 3d human generation from 2d image collections},
  author={Hong, Fangzhou and Chen, Zhaoxi and Lan, Yushi and Pan, Liang and Liu, Ziwei},
  journal=ICLR,
  year={2023}
}

@inproceedings{mescheder2018training,
  title={Which training methods for GANs do actually converge?},
  author={Mescheder, Lars and Geiger, Andreas and Nowozin, Sebastian},
  booktitle={International conference on machine learning},
  pages={3481--3490},
  year={2018},
}

@inproceedings{gaodart2022,
  title={DART: Articulated Hand Model with Diverse Accessories and Rich Textures},
  author={Gao, Daiheng and Xiu, Yuliang and Li, Kailin and Yang, Lixin and Wang, Feng and Zhang, Peng and Zhang, Bang and Lu, Cewu and Tan, Ping},
  booktitle={Advances in Neural Information Processing Systems (Datasets and Benchmarks Track)},
  year={2022},
}

@article{deng2022recurrent,
  title={Recurrent 3D Hand Pose Estimation Using Cascaded Pose-guided 3D Alignments},
  author={Deng, Xiaoming and Zuo, Dexin and Zhang, Yinda and Cui, Zhaopeng and Cheng, Jian and Tan, Ping and Chang, Liang and Pollefeys, Marc and Fanello, Sean and Wang, Hongan},
  journal={IEEE Transactions on Pattern Analysis and Machine Intelligence},
  volume={45},
  number={1},
  pages={932--945},
  year={2022},
}

@inproceedings{saito2019pifu,
  title={Pifu: Pixel-aligned implicit function for high-resolution clothed human digitization},
  author={Saito, Shunsuke and Huang, Zeng and Natsume, Ryota and Morishima, Shigeo and Kanazawa, Angjoo and Li, Hao},
  booktitle=ICCV,
  pages={2304--2314},
  year={2019}
}

@inproceedings{meng20223d,
  title={3d interacting hand pose estimation by hand de-occlusion and removal},
  author={Meng, Hao and Jin, Sheng and Liu, Wentao and Qian, Chen and Lin, Mengxiang and Ouyang, Wanli and Luo, Ping},
  booktitle=ECCV,
  pages={380--397},
  year={2022},
}

@inproceedings{park2022handoccnet,
  title={Handoccnet: Occlusion-robust 3d hand mesh estimation network},
  author={Park, JoonKyu and Oh, Yeonguk and Moon, Gyeongsik and Choi, Hongsuk and Lee, Kyoung Mu},
  booktitle=CVPR,
  pages={1496--1505},
  year={2022}
}

@inproceedings{moon2020interhand2,
  title={Interhand2.6m: A dataset and baseline for 3d interacting hand pose estimation from a single rgb image},
  author={Moon, Gyeongsik and Yu, Shoou-I and Wen, He and Shiratori, Takaaki and Lee, Kyoung Mu},
  booktitle=ECCV,
  pages={548--564},
  year={2020},
}

@article{romero2017embodied,
  title={Embodied hands: modeling and capturing hands and bodies together},
  author={Romero, Javier and Tzionas, Dimitrios and Black, Michael J},
  journal=TOG,
  volume={36},
  number={6},
  pages={1--17},
  year={2017},
}

@inproceedings{wang2021ibrnet,
  title={Ibrnet: Learning multi-view image-based rendering},
  author={Wang, Qianqian and Wang, Zhicheng and Genova, Kyle and Srinivasan, Pratul P and Zhou, Howard and Barron, Jonathan T and Martin-Brualla, Ricardo and Snavely, Noah and Funkhouser, Thomas},
  booktitle=CVPR,
  pages={4690--4699},
  year={2021}
}

@article{kingma2014adam,
  title={Adam: A method for stochastic optimization},
  author={Kingma, Diederik P and Ba, Jimmy},
  journal={arXiv preprint arXiv:1412.6980},
  year={2014}
}

@article{guo2023handnerf,
  title={HandNeRF: Neural Radiance Fields for Animatable Interacting Hands},
  author={Guo, Zhiyang and Zhou, Wengang and Wang, Min and Li, Li and Li, Houqiang},
  journal=CVPR,
  year={2023}
}

@article{hu2023sherf,
  title={SHERF: Generalizable Human NeRF from a Single Image},
  author={Hu, Shoukang and Hong, Fangzhou and Pan, Liang and Mei, Haiyi and Yang, Lei and Liu, Ziwei},
  journal={arXiv preprint arXiv:2303.12791},
  year={2023}
}

@article{sara2019image,
  title={Image quality assessment through FSIM, SSIM, MSE and PSNRâ€”a comparative study},
  author={Sara, Umme and Akter, Morium and Uddin, Mohammad Shorif},
  journal={Journal of Computer and Communications},
  volume={7},
  number={3},
  pages={8--18},
  year={2019},
  publisher={Scientific Research Publishing}
}

@article{wang2004image,
  title={Image quality assessment: from error visibility to structural similarity},
  author={Wang, Zhou and Bovik, Alan C and Sheikh, Hamid R and Simoncelli, Eero P},
  journal={IEEE transactions on image processing},
  volume={13},
  number={4},
  pages={600--612},
  year={2004},
  publisher={IEEE}
}

@inproceedings{corona2022lisa,
  title={LISA: Learning implicit shape and appearance of hands},
  author={Corona, Enric and Hodan, Tomas and Vo, Minh and Moreno-Noguer, Francesc and Sweeney, Chris and Newcombe, Richard and Ma, Lingni},
  booktitle=CVPR,
  pages={20533--20543},
  year={2022}
}

@inproceedings{chan2022efficient,
  title={Efficient geometry-aware 3D generative adversarial networks},
  author={Chan, Eric R and Lin, Connor Z and Chan, Matthew A and Nagano, Koki and Pan, Boxiao and De Mello, Shalini and Gallo, Orazio and Guibas, Leonidas J and Tremblay, Jonathan and Khamis, Sameh and others},
  booktitle=CVPR,
  pages={16123--16133},
  year={2022}
}

@inproceedings{zhang2018unreasonable,
  title={The unreasonable effectiveness of deep features as a perceptual metric},
  author={Zhang, Richard and Isola, Phillip and Efros, Alexei A and Shechtman, Eli and Wang, Oliver},
  booktitle=CVPR,
  pages={586--595},
  year={2018}
}


@article{romero2022embodied,
  title={Embodied hands: Modeling and capturing hands and bodies together},
  author={Romero, Javier and Tzionas, Dimitrios and Black, Michael J},
  journal={arXiv preprint arXiv:2201.02610},
  year={2022}
}

@inproceedings{guler2018densepose,
  title={Densepose: Dense human pose estimation in the wild},
  author={G{\"u}ler, R{\i}za Alp and Neverova, Natalia and Kokkinos, Iasonas},
  booktitle=CVPR,
  pages={7297--7306},
  year={2018}
}

@inproceedings{deng2022depth,
  title={Depth-supervised nerf: Fewer views and faster training for free},
  author={Deng, Kangle and Liu, Andrew and Zhu, Jun-Yan and Ramanan, Deva},
  booktitle={Proceedings of the IEEE/CVF Conference on Computer Vision and Pattern Recognition},
  pages={12882--12891},
  year={2022}
}

@inproceedings{mildenhall2022nerf,
  title={Nerf in the dark: High dynamic range view synthesis from noisy raw images},
  author={Mildenhall, Ben and Hedman, Peter and Martin-Brualla, Ricardo and Srinivasan, Pratul P and Barron, Jonathan T},
  booktitle={Proceedings of the IEEE/CVF Conference on Computer Vision and Pattern Recognition},
  pages={16190--16199},
  year={2022}
}

@article{muller2022instant,
  title={Instant neural graphics primitives with a multiresolution hash encoding},
  author={M{\"u}ller, Thomas and Evans, Alex and Schied, Christoph and Keller, Alexander},
  journal=TOG,
  volume={41},
  number={4},
  pages={1--15},
  year={2022},
}

@inproceedings{johari2022geonerf,
  title={Geonerf: Generalizing nerf with geometry priors},
  author={Johari, Mohammad Mahdi and Lepoittevin, Yann and Fleuret, Fran{\c{c}}ois},
  booktitle={Proceedings of the IEEE/CVF Conference on Computer Vision and Pattern Recognition},
  pages={18365--18375},
  year={2022}
}

@inproceedings{niemeyer2022regnerf,
  title={Regnerf: Regularizing neural radiance fields for view synthesis from sparse inputs},
  author={Niemeyer, Michael and Barron, Jonathan T and Mildenhall, Ben and Sajjadi, Mehdi SM and Geiger, Andreas and Radwan, Noha},
  booktitle=CVPR,
  pages={5480--5490},
  year={2022}
}

@InProceedings{Johari_2022_CVPR,
    author    = {Johari, Mohammad Mahdi and Lepoittevin, Yann and Fleuret, Fran\c{c}ois},
    title     = {GeoNeRF: Generalizing NeRF With Geometry Priors},
    booktitle = CVPR,
    year      = {2022},
    pages     = {18365-18375}
}

@inproceedings{raj2021pixel,
  title={Pixel-aligned volumetric avatars},
  author={Raj, Amit and Zollhofer, Michael and Simon, Tomas and Saragih, Jason and Saito, Shunsuke and Hays, James and Lombardi, Stephen},
  booktitle={Proceedings of the IEEE/CVF Conference on Computer Vision and Pattern Recognition},
  pages={11733--11742},
  year={2021}
}


@inproceedings{yu2021pixelnerf,
  title={pixelnerf: Neural radiance fields from one or few images},
  author={Yu, Alex and Ye, Vickie and Tancik, Matthew and Kanazawa, Angjoo},
  booktitle={Proceedings of the IEEE/CVF Conference on Computer Vision and Pattern Recognition},
  pages={4578--4587},
  year={2021}
}

@inproceedings{peng2021neural,
  title={Neural body: Implicit neural representations with structured latent codes for novel view synthesis of dynamic humans},
  author={Peng, Sida and Zhang, Yuanqing and Xu, Yinghao and Wang, Qianqian and Shuai, Qing and Bao, Hujun and Zhou, Xiaowei},
  booktitle={Proceedings of the IEEE/CVF Conference on Computer Vision and Pattern Recognition},
  pages={9054--9063},
  year={2021}
}

@article{loper2015smpl,
  title={SMPL: A skinned multi-person linear model},
  author={Loper, Matthew and Mahmood, Naureen and Romero, Javier and Pons-Moll, Gerard and Black, Michael J},
  journal={ACM transactions on graphics (TOG)},
  volume={34},
  number={6},
  pages={1--16},
  year={2015},
  publisher={ACM New York, NY, USA}
}

@inproceedings{or2022stylesdf,
  title={Stylesdf: High-resolution 3d-consistent image and geometry generation},
  author={Or-El, Roy and Luo, Xuan and Shan, Mengyi and Shechtman, Eli and Park, Jeong Joon and Kemelmacher-Shlizerman, Ira},
  booktitle={Proceedings of the IEEE/CVF Conference on Computer Vision and Pattern Recognition},
  pages={13503--13513},
  year={2022}
}

@inproceedings{zhang2021interacting,
  title={Interacting two-hand 3d pose and shape reconstruction from single color image},
  author={Zhang, Baowen and Wang, Yangang and Deng, Xiaoming and Zhang, Yinda and Tan, Ping and Ma, Cuixia and Wang, Hongan},
  booktitle={Proceedings of the IEEE/CVF International Conference on Computer Vision},
  pages={11354--11363},
  year={2021}
}

@inproceedings{martin2021nerf,
  title={Nerf in the wild: Neural radiance fields for unconstrained photo collections},
  author={Martin-Brualla, Ricardo and Radwan, Noha and Sajjadi, Mehdi SM and Barron, Jonathan T and Dosovitskiy, Alexey and Duckworth, Daniel},
  booktitle={Proceedings of the IEEE/CVF Conference on Computer Vision and Pattern Recognition},
  pages={7210--7219},
  year={2021}
}

@inproceedings{chen2021camera,
  title={Camera-space hand mesh recovery via semantic aggregation and adaptive 2d-1d registration},
  author={Chen, Xingyu and Liu, Yufeng and Ma, Chongyang and Chang, Jianlong and Wang, Huayan and Chen, Tian and Guo, Xiaoyan and Wan, Pengfei and Zheng, Wen},
  booktitle={Proceedings of the IEEE/CVF Conference on Computer Vision and Pattern Recognition},
  pages={13274--13283},
  year={2021}
}

@inproceedings{kulon2020weakly,
  title={Weakly-supervised mesh-convolutional hand reconstruction in the wild},
  author={Kulon, Dominik and Guler, Riza Alp and Kokkinos, Iasonas and Bronstein, Michael M and Zafeiriou, Stefanos},
  booktitle={Proceedings of the IEEE/CVF conference on computer vision and pattern recognition},
  pages={4990--5000},
  year={2020}
}

@inproceedings{zhou2020monocular,
  title={Monocular real-time hand shape and motion capture using multi-modal data},
  author={Zhou, Yuxiao and Habermann, Marc and Xu, Weipeng and Habibie, Ikhsanul and Theobalt, Christian and Xu, Feng},
  booktitle={Proceedings of the IEEE/CVF Conference on Computer Vision and Pattern Recognition},
  pages={5346--5355},
  year={2020}
}

@inproceedings{chen2022alignsdf,
  title={AlignSDF: Pose-Aligned Signed Distance Fields for Hand-Object Reconstruction},
  author={Chen, Zerui and Hasson, Yana and Schmid, Cordelia and Laptev, Ivan},
  booktitle={Computer Vision--ECCV 2022: 17th European Conference, Tel Aviv, Israel, October 23--27, 2022, Proceedings, Part I},
  pages={231--248},
  year={2022},
  organization={Springer}
}

@inproceedings{karunratanakul2021skeleton,
  title={A skeleton-driven neural occupancy representation for articulated hands},
  author={Karunratanakul, Korrawe and Spurr, Adrian and Fan, Zicong and Hilliges, Otmar and Tang, Siyu},
  booktitle={International Conference on 3D Vision},
  pages={11--21},
  year={2021},
  organization={IEEE}
}

@article{chen2022hand,
  title={Hand Avatar: Free-Pose Hand Animation and Rendering from Monocular Video},
  author={Chen, Xingyu and Wang, Baoyuan and Shum, Heung-Yeung},
  journal=CVPR,
  year={2023}
}

@article{goodfellow2020generative,
  title={Generative adversarial networks},
  author={Goodfellow, Ian and Pouget-Abadie, Jean and Mirza, Mehdi and Xu, Bing and Warde-Farley, David and Ozair, Sherjil and Courville, Aaron and Bengio, Yoshua},
  journal={Communications of the ACM},
  volume={63},
  number={11},
  pages={139--144},
  year={2020},
  publisher={ACM New York, NY, USA}
}

@inproceedings{deng2022gram,
  title={Gram: Generative radiance manifolds for 3d-aware image generation},
  author={Deng, Yu and Yang, Jiaolong and Xiang, Jianfeng and Tong, Xin},
  booktitle={Proceedings of the IEEE/CVF Conference on Computer Vision and Pattern Recognition},
  pages={10673--10683},
  year={2022}
}

@article{schwarz2020graf,
  title={Graf: Generative radiance fields for 3d-aware image synthesis},
  author={Schwarz, Katja and Liao, Yiyi and Niemeyer, Michael and Geiger, Andreas},
  journal={Advances in Neural Information Processing Systems},
  volume={33},
  pages={20154--20166},
  year={2020}
}

@inproceedings{chan2021pi,
  title={pi-gan: Periodic implicit generative adversarial networks for 3d-aware image synthesis},
  author={Chan, Eric R and Monteiro, Marco and Kellnhofer, Petr and Wu, Jiajun and Wetzstein, Gordon},
  booktitle={Proceedings of the IEEE/CVF conference on computer vision and pattern recognition},
  pages={5799--5809},
  year={2021}
}

@inproceedings{niemeyer2021giraffe,
  title={Giraffe: Representing scenes as compositional generative neural feature fields},
  author={Niemeyer, Michael and Geiger, Andreas},
  booktitle={Proceedings of the IEEE/CVF Conference on Computer Vision and Pattern Recognition},
  pages={11453--11464},
  year={2021}
}

@article{xu2021generative,
  title={Generative occupancy fields for 3d surface-aware image synthesis},
  author={Xu, Xudong and Pan, Xingang and Lin, Dahua and Dai, Bo},
  journal={Advances in Neural Information Processing Systems},
  volume={34},
  pages={20683--20695},
  year={2021}
}

@inproceedings{li2022interacting,
  title={Interacting attention graph for single image two-hand reconstruction},
  author={Li, Mengcheng and An, Liang and Zhang, Hongwen and Wu, Lianpeng and Chen, Feng and Yu, Tao and Liu, Yebin},
  booktitle=CVPR,
  pages={2761--2770},
  year={2022}
}

@inproceedings{prokudin2021smplpix,
  title={Smplpix: Neural avatars from 3d human models},
  author={Prokudin, Sergey and Black, Michael J and Romero, Javier},
  booktitle={Proceedings of the IEEE/CVF Winter Conference on Applications of Computer Vision},
  pages={1810--1819},
  year={2021}
}


@inproceedings{chen2022tensorf,
  title={Tensorf: Tensorial radiance fields},
  author={Chen, Anpei and Xu, Zexiang and Geiger, Andreas and Yu, Jingyi and Su, Hao},
  booktitle=ECCV,
  pages={333--350},
  year={2022},
}


@inproceedings{2015Sparse,
  title={Sparse Convolutional Neural Networks},
  author={ Liu, Baoyuan  and  Wang, Min  and  Foroosh, Hassan  and  Tappen, Marshall  and  Penksy, Marianna },
  booktitle=CVPR,
  year={2015},
}