% Dataset ref
@inproceedings{guo2019attention,
  title={Attention based spatial-temporal graph convolutional networks for traffic flow forecasting},
  author={Guo, Shengnan and Lin, Youfang and Feng, Ning and Song, Chao and Wan, Huaiyu},
  booktitle={Proc. of AAAI},
  year={2019}
}

% Pearson ref
@article{zhang2018citywide,
  title={Citywide cellular traffic prediction based on densely connected convolutional neural networks},
  author={Zhang, Chuanting and Zhang, Haixia and Yuan, Dongfeng and Zhang, Minggao},
  journal={IEEE Communications Letters},
  year={2018},
  publisher={IEEE}
}

% Raw cellular traffic
@article{barlacchi2015multi,
  title={A multi-source dataset of urban life in the city of Milan and the Province of Trentino},
  author={Barlacchi, Gianni and De Nadai, Marco and Larcher, Roberto and Casella, Antonio and Chitic, Cristiana and Torrisi, Giovanni and Antonelli, Fabrizio and Vespignani, Alessandro and Pentland, Alex and Lepri, Bruno},
  journal={Scientific data},
  year={2015},
  publisher={Nature Publishing Group}
}


% GCN methods
@inproceedings{wu2019graph,
  title={Graph WaveNet for Deep Spatial-Temporal Graph Modeling.},
  author={Wu, Zonghan and Pan, Shirui and Long, Guodong and Jiang, Jing and Zhang, Chengqi},
  booktitle={Proc. of IJCAI},
  year={2019}
}

@inproceedings{wu2020connecting,
  title={Connecting the dots: Multivariate time series forecasting with graph neural networks},
  author={Wu, Zonghan and Pan, Shirui and Long, Guodong and Jiang, Jing and Chang, Xiaojun and Zhang, Chengqi},
  booktitle={Proc. of KDD},
  year={2020}
}

@article{tian2021spatial,
  title={Spatial-temporal attention wavenet: A deep learning framework for traffic prediction considering spatial-temporal dependencies},
  author={Tian, Chenyu and Chan, Wai Kin},
  journal={IET Intelligent Transport Systems},
  year={2021},
}


@inproceedings{ye2022learning,
  title={Learning the Evolutionary and Multi-scale Graph Structure for Multivariate Time Series Forecasting},
  author={Ye, Junchen and Liu, Zihan and Du, Bowen and Sun, Leilei and Li, Weimiao and Fu, Yanjie and Xiong, Hui},
  booktitle={Proc. of KDD},
  pages={2296--2306},
  year={2022}
}


%% GAT
@inproceedings{
velivckovic2018graph,
title={Graph Attention Networks},
author={Veli{\v{c}}kovi{\'c}, Petar and Cucurull, Guillem and Casanova, Arantxa and Romero, Adriana and Lio, Pietro and Bengio, Yoshua},
booktitle={Proc. of ICLR},
year={2018},
}

%% GAT v2
@inproceedings{
brody2022how,
title={How Attentive are Graph Attention Networks? },
author={Shaked Brody and Uri Alon and Eran Yahav},
booktitle={International Conference on Learning Representations},
year={2022},
}


% Anomaly detection
@inproceedings{deng2021graph,
  title={Graph neural network-based anomaly detection in multivariate time series},
  author={Deng, Ailin and Hooi, Bryan},
  booktitle={Proc. of AAAI},
  volume={35},
  number={5},
  pages={4027--4035},
  year={2021}
}

% Multivariate Modeling 
@inproceedings{lin2021multivariate,
  title={Multivariate and Propagation Graph Attention Network for Spatial-Temporal Prediction with Outdoor Cellular Traffic},
  author={Lin, Chung-Yi and Su, Hung-Ting and Tung, Shen-Lung and Hsu, Winston H.},
  booktitle={Proc. of CIKM},
  year={2021}
}
@inproceedings{zhao2020multivariate,
  title={Multivariate time-series anomaly detection via graph attention network},
  author={Zhao, Hang and Wang, Yujing and Duan, Juanyong and Huang, Congrui and Cao, Defu and Tong, Yunhai and Xu, Bixiong and Bai, Jing and Tong, Jie and Zhang, Qi},
  booktitle={Proc. of ICDM},
  pages={841--850},
  year={2020},
}


%Functionality
@inproceedings{ijcai2022p309,
  title     = {Long-term Spatio-Temporal Forecasting via Dynamic Multiple-Graph Attention},
  author    = {Shao, Wei and Jin, Zhiling and Wang, Shuo and Kang, Yufan and Xiao, Xiao and Menouar, Hamid and Zhang, Zhaofeng and Zhang, Junshan and Salim, Flora},
  publisher = {Proc. of IJCAI},
  year      = {2022}
}

%MAPE
@article{lopez2015hybrid,
  title={A hybrid method for short-term traffic congestion forecasting using genetic algorithms and cross entropy},
  author={Lopez-Garcia, Pedro and Onieva, Enrique and Osaba, Eneko and Masegosa, Antonio D and Perallos, Asier},
  journal={IEEE Transactions on Intelligent Transportation Systems},
  year={2015},
  publisher={IEEE}
}

%% about data collection from sensors
@inproceedings{
li2018diffusion,
title={Diffusion Convolutional Recurrent Neural Network: Data-Driven Traffic Forecasting},
author={Yaguang Li and Rose Yu and Cyrus Shahabi and Yan Liu},
booktitle={Proc. of ICLR},
year={2018}
}


% GCN-based

@inproceedings{han2021dynamic,
  title={Dynamic and multi-faceted spatio-temporal deep learning for traffic speed forecasting},
  author={Han, Liangzhe and Du, Bowen and Sun, Leilei and Fu, Yanjie and Lv, Yisheng and Xiong, Hui},
  booktitle={Proc. of KDD},
  year={2021}
}

% Attention
@inproceedings{zheng2020gman,
  title={Gman: A graph multi-attention network for traffic prediction},
  author={Zheng, Chuanpan and Fan, Xiaoliang and Wang, Cheng and Qi, Jianzhong},
  booktitle={Proc. of AAAI},
  year={2020}
}

% Traffic Application
@article{xie2020urban,
  title={Urban flow prediction from spatiotemporal data using machine learning: A survey},
  author={Xie, Peng and Li, Tianrui and Liu, Jia and Du, Shengdong and Yang, Xin and Zhang, Junbo},
  journal={Information Fusion},
  year={2020},
  publisher={Elsevier}
}

@article{lv2021deep,
  title={Deep learning for security in digital twins of cooperative intelligent transportation systems},
  author={Lv, Zhihan and Li, Yuxi and Feng, Hailin and Lv, Haibin},
  journal={IEEE Transactions on Intelligent Transportation Systems},
  year={2021},
  publisher={IEEE}
}

%TCN
@article{yu2015multi,
  title={Multi-scale context aggregation by dilated convolutions},
  author={Yu, Fisher and Koltun, Vladlen},
  journal={arXiv preprint arXiv:1511.07122},
  year={2015}
}

% Adjacent matrix
@article{shuman2013emerging,
  title={The emerging field of signal processing on graphs: Extending high-dimensional data analysis to networks and other irregular domains},
  author={Shuman, David I and Narang, Sunil K and Frossard, Pascal and Ortega, Antonio and Vandergheynst, Pierre},
  journal={IEEE signal processing magazine},
  year={2013},
  publisher={IEEE}
}


% Cellular Traffic application
@article{yao2021mvstgn,
  title={Mvstgn: A multi-view spatial-temporal graph network for cellular traffic prediction},
  author={Yao, Yang and Gu, Bo and Su, Zhou and Guizani, Mohsen},
  journal={IEEE Transactions on Mobile Computing},
  year={2021},
  publisher={IEEE}
}

@article{zhao2021spatial,
  title={Spatial-Temporal Aggregation Graph Convolution Network for Efficient Mobile Cellular Traffic Prediction},
  author={Zhao, Nan and Wu, Aonan and Pei, Yiyang and Liang, Ying-Chang and Niyato, Dusit},
  journal={IEEE Communications Letters},
  year={2021},
  publisher={IEEE}
}

@article{wang2018spatio,
  title={Spatio-temporal analysis and prediction of cellular traffic in metropolis},
  author={Wang, Xu and Zhou, Zimu and Xiao, Fu and Xing, Kai and Yang, Zheng and Liu, Yunhao and Peng, Chunyi},
  journal={IEEE Transactions on Mobile Computing},
  year={2018},
  publisher={IEEE}
}

@inproceedings{wang2021modeling,
  title={Modeling inter-station relationships with attentive temporal graph convolutional network for air quality prediction},
  author={Wang, Chunyang and Zhu, Yanmin and Zang, Tianzi and Liu, Haobing and Yu, Jiadi},
  booktitle={Proc. of WSDM},
  pages={616--634},
  year={2021}
}

@article{xu2017real,
  title={Real-time prediction of taxi demand using recurrent neural networks},
  author={Xu, Jun and Rahmatizadeh, Rouhollah and B{\"o}l{\"o}ni, Ladislau and Turgut, Damla},
  journal={IEEE Transactions on Intelligent Transportation Systems},
  volume={19},
  number={8},
  pages={2572--2581},
  year={2017},
  publisher={IEEE}
}


@inproceedings{kim2022towards,
  title={Towards a rigorous evaluation of time-series anomaly detection},
  author={Kim, Siwon and Choi, Kukjin and Choi, Hyun-Soo and Lee, Byunghan and Yoon, Sungroh},
  booktitle={Proc. of AAAI},
  year={2022}
}

@article{dong2023graph,
  title={Graph neural networks in IoT: A survey},
  author={Dong, Guimin and Tang, Mingyue and Wang, Zhiyuan and Gao, Jiechao and Guo, Sikun and Cai, Lihua and Gutierrez, Robert and Campbel, Bradford and Barnes, Laura E and Boukhechba, Mehdi},
  journal={ACM Transactions on Sensor Networks},
  year={2023},
  publisher={ACM New York, NY}
}

@article{zhu2019parallel,
  title={Parallel transportation systems: Toward IoT-enabled smart urban traffic control and management},
  author={Zhu, Fenghua and Lv, Yisheng and Chen, Yuanyuan and Wang, Xiao and Xiong, Gang and Wang, Fei-Yue},
  journal={IEEE Transactions on Intelligent Transportation Systems},
  volume={21},
  year={2019},
  publisher={IEEE}
}

%cellular traffic
@inproceedings{he2020semi,
  title={Semi-persistent scheduling for 5G downlink based on short-term traffic prediction},
  author={He, Qing and D{\'a}n, Gy{\"o}rgy and Koudouridis, Georgios P},
  booktitle={GLOBECOM 2020-2020 IEEE Global Communications Conference},
  pages={1--6},
  year={2020},
  organization={IEEE}
}

@article{lin2021data,
  title={A data-driven base station sleeping strategy based on traffic prediction},
  author={Lin, Jiansheng and Chen, Youjia and Zheng, Haifeng and Ding, Ming and Cheng, Peng and Hanzo, Lajos},
  journal={IEEE Transactions on Network Science and Engineering},
  year={2021},
  publisher={IEEE}
}

@article{wang2022spatial,
  title={Spatial-Temporal Cellular Traffic Prediction for 5 G and Beyond: A Graph Neural Networks-Based Approach},
  author={Wang, Zi and Hu, Jia and Min, Geyong and Zhao, Zhiwei and Chang, Zheng and Wang, Zhe},
  journal={IEEE Transactions on Industrial Informatics},
  year={2022},
  publisher={IEEE}
}


% triangulation
@article{herrera2010evaluation,
  title={Evaluation of traffic data obtained via GPS-enabled mobile phones: The Mobile Century field experiment},
  author={Herrera, Juan C and Work, Daniel B and Herring, Ryan and Ban, Xuegang Jeff and Jacobson, Quinn and Bayen, Alexandre M},
  journal={Transportation Research Part C: Emerging Technologies},
  year={2010},
  publisher={Elsevier}
}

@inproceedings{jiang2013review,
  title={A review of urban computing for mobile phone traces: current methods, challenges and opportunities},
  author={Jiang, Shan and Fiore, Gaston A and Yang, Yingxiang and Ferreira Jr, Joseph and Frazzoli, Emilio and Gonz{\'a}lez, Marta C},
  booktitle={Proceedings of the 2nd ACM SIGKDD international workshop on Urban Computing},
  year={2013}
}

@article{cohen2009pearson,
  title={Pearson correlation coefficient},
  author={Cohen, Israel and Huang, Yiteng and Chen, Jingdong and Benesty, Jacob and Benesty, Jacob and Chen, Jingdong and Huang, Yiteng and Cohen, Israel},
  journal={Noise reduction in speech processing},
  year={2009},
  publisher={Springer}
}

% CNN low mem requirements
@inproceedings{yan2018spatial,
  title={Spatial temporal graph convolutional networks for skeleton-based action recognition},
  author={Yan, Sijie and Xiong, Yuanjun and Lin, Dahua},
  booktitle={Proc. of AAAI},
  year={2018}
}

@article{yu2017spatio,
  title={Spatio-temporal graph convolutional networks: A deep learning framework for traffic forecasting},
  author={Yu, Bing and Yin, Haoteng and Zhu, Zhanxing},
  journal={arXiv preprint arXiv:1709.04875},
  year={2017}
}

%sandwich
@inproceedings{yu2018spatio,
  title={Spatio-temporal graph convolutional networks: a deep learning framework for traffic forecasting},
  author={Yu, Bing and Yin, Haoteng and Zhu, Zhanxing},
  booktitle={Proceedings of the 27th International Joint Conference on Artificial Intelligence},
  year={2018}
}


%cellular network
@article{jiang2022cellular,
  title={Cellular traffic prediction with machine learning: A survey},
  author={Jiang, Weiwei},
  journal={Expert Systems with Applications},
  pages={117163},
  year={2022},
  publisher={Elsevier}
}


@inproceedings{DBLP:conf/iclr/LinTH23,
  author       = {ChungYi Lin and
                  Shen{-}Lung Tung and
                  Winston H. Hsu},
  editor       = {Krystal Maughan and
                  Rosanne Liu and
                  Thomas F. Burns},
  title        = {Pay Attention to Multi-Channel for Improving Graph Neural Networks},
  booktitle    = {The First Tiny Papers Track at {ICLR} 2023, Tiny Papers @ {ICLR} 2023,
                  Kigali, Rwanda, May 5, 2023},
  publisher    = {OpenReview.net},
  year         = {2023},
  url          = {https://openreview.net/pdf?id=IkHVGw\_Ipu},
  timestamp    = {Wed, 19 Jul 2023 17:21:16 +0200},
  biburl       = {https://dblp.org/rec/conf/iclr/LinTH23.bib},
  bibsource    = {dblp computer science bibliography, https://dblp.org}
}

%% GAT for Spatial Neighboor
@inproceedings{zhang2020spatial,
  title={Spatial-temporal convolutional graph attention networks for citywide traffic flow forecasting},
  author={Zhang, Xiyue and Huang, Chao and Xu, Yong and Xia, Lianghao},
  booktitle={Proc. of CIKM},
  pages={1853--1862},
  year={2020}
}


@article{zidic2023analyses,
  title={Analyses of ping-pong handovers in real 4G telecommunication networks},
  author={Zidic, Dinko and Mastelic, Toni and Kosovic, Ivana Nizetic and Cagalj, Mario and Lorincz, Josip},
  journal={Computer Networks},
  volume={227},
  pages={109699},
  year={2023},
  publisher={Elsevier}
}


@article{peng2016computational,
  title={Computational network design from functional specifications},
  author={Peng, Chi-Han and Yang, Yong-Liang and Bao, Fan and Fink, Daniel and Yan, Dong-Ming and Wonka, Peter and Mitra, Niloy J},
  journal={ACM Transactions on Graphics (TOG)},
  volume={35},
  number={4},
  pages={1--12},
  year={2016},
  publisher={ACM New York, NY, USA}
}


@article{babu2020toward,
  title={Toward a type-based analysis of road networks},
  author={Babu, Sarath and Manoj, BS},
  journal={ACM Transactions on Spatial Algorithms and Systems (TSAS)},
  volume={6},
  number={4},
  pages={1--45},
  year={2020},
  publisher={ACM New York, NY, USA}
}