@book{fiat1998online,
  title={Online algorithms: The state of the art},
  author={Fiat, Amos and Woeginger, Gerhard J},
  volume={1442},
  year={1998},
  publisher={Springer}
}

@article{thiele1895om,
  title={Om flerfoldsvalg},
  author={Thiele, Thorvald N},
  journal={Oversigt over det Kongelige Danske Videnskabernes Selskabs Forhandlinger},
  volume={1895},
  pages={415--441},
  year={1895}
}

@article{flammini2021online,
  title={On the Online Coalition Structure Generation Problem},
  author={Flammini, Michele and Monaco, Gianpiero and Moscardelli, Luca and Shalom, Mordechai and Zaks, Shmuel},
  journal={Journal of Artificial Intelligence Research},
  volume={72},
  pages={1215--1250},
  year={2021}
}

@article{aziz2017justified,
  title={Justified representation in approval-based committee voting},
  author={Aziz, Haris and Brill, Markus and Conitzer, Vincent and Elkind, Edith and Freeman, Rupert and Walsh, Toby},
  journal={Social Choice and Welfare},
  volume={48},
  number={2},
  pages={461--485},
  year={2017},
  publisher={Springer}
}

@inproceedings{do2022online,
  title     = {Online Approval Committee Elections},
  author    = {Do, Virginie and Hervouin, Matthieu and Lang, J{\'e}r{\^o}me and Skowron, Piotr},
  booktitle = {Proceedings of the Thirty-First International Joint Conference on
               Artificial Intelligence, {IJCAI-22}},
  publisher = {International Joint Conferences on Artificial Intelligence Organization},
  pages     = {251--257},
  year      = {2022}
  }

@inproceedings{sanchez2017proportional,
  title={Proportional justified representation},
  author={S{\'a}nchez-Fern{\'a}ndez, Luis and Elkind, Edith and Lackner, Martin and Fern{\'a}ndez, Norberto and Fisteus, Jes{\'u}s and Val, Pablo Basanta and Skowron, Piotr},
  booktitle={Proceedings of the AAAI Conference on Artificial Intelligence},
  volume={31},
  number={1},
  year={2017}
}

@inproceedings{peters2020proportionality,
  title={Proportionality and the limits of welfarism},
  author={Peters, Dominik and Skowron, Piotr},
  booktitle={Proceedings of the 21st ACM Conference on Economics and Computation},
  pages={793--794},
  year={2020}
}

@article{peters2021proportional,
  title={Proportional participatory budgeting with additive utilities},
  author={Peters, Dominik and Pierczy{\'n}ski, Grzegorz and Skowron, Piotr},
  journal={Advances in Neural Information Processing Systems},
  volume={34},
  pages={12726--12737},
  year={2021}
}

@inproceedings{brill2022individual,
  title={Individual representation in approval-based committee voting},
  author={Brill, Markus and Israel, Jonas and Micha, Evi and Peters, Jannik},
  booktitle={Proceedings of the AAAI Conference on Artificial Intelligence},
  volume={36},
  number={5},
  pages={4892--4899},
  year={2022}
}

@article{xavier2012note,
  title={A note on a maximum k-subset intersection problem},
  author={Xavier, Eduardo C},
  journal={Information Processing Letters},
  volume={112},
  number={12},
  pages={471--472},
  year={2012},
  publisher={Elsevier}
}


@inproceedings{elkind2022price,
  title={The price of justified representation},
  author={Elkind, Edith and Faliszewski, Piotr and Igarashi, Ayumi and Manurangsi, Pasin and Schmidt-Kraepelin, Ulrike and Suksompong, Warut},
  booktitle={Proceedings of the AAAI Conference on Artificial Intelligence},
  volume={36},
  number={5},
  pages={4983--4990},
  year={2022}
}

@article{alcalde2004researching,
  title={Researching with whom? Stability and manipulation},
  author={Alcalde, Jos{\'e} and Revilla, Pablo},
  journal={Journal of Mathematical Economics},
  volume={40},
  number={8},
  pages={869--887},
  year={2004},
  publisher={Elsevier}
}

@incollection{hosli2001coalition,
  title={Coalition formation and voting in the Council of the European Union},
  author={Hosli, Madeleine O},
  booktitle={Power Indices and Coalition Formation},
  pages={315--340},
  year={2001},
  publisher={Springer}
}

@article{dreze1980hedonic,
  title={Hedonic coalitions: Optimality and stability},
  author={Dreze, Jacques H and Greenberg, Joseph},
  journal={Econometrica: Journal of the Econometric Society},
  pages={987--1003},
  year={1980},
  publisher={JSTOR}
}

@article{bogomolnaia2002stability,
  title={The stability of hedonic coalition structures},
  author={Bogomolnaia, Anna and Jackson, Matthew O},
  journal={Games and Economic Behavior},
  volume={38},
  number={2},
  pages={201--230},
  year={2002},
  publisher={Elsevier}
}

@misc{brandt2016introduction,
  title={Introduction to computational social choice},
  author={Brandt, Felix and Conitzer, Vincent and Endriss, Ulle and Lang, J{\'e}r{\^o}me and Procaccia, Ariel D},
  year={2016},
  publisher={Cambridge University Press}
}

@inproceedings{woeginger2013core,
author="Woeginger, Gerhard J.",
title="Core Stability in Hedonic Coalition Formation",
booktitle="SOFSEM 2013: Theory and Practice of Computer Science",
year="2013",
publisher="Springer",
address="Berlin, Heidelberg",
pages="33--50"
}

@inbook{aziz_savani_moulin_2016, place={Cambridge}, title={Hedonic Games}, DOI={10.1017/CBO9781107446984.016}, booktitle={Handbook of Computational Social Choice}, publisher={Cambridge University Press}, author={Aziz, Haris and Savani, Rahul and Moulin, Hervé}, editor={Brandt, Felix and Conitzer, Vincent and Endriss, Ulle and Lang, Jérôme and Procaccia, Ariel D.Editors}, year={2016}, pages={356–376}}

@inproceedings{elkind2009hedonic,
  title={Hedonic coalition nets.},
  author={Elkind, Edith and Wooldridge, Michael J},
  booktitle={AAMAS (1)},
  pages={417--424},
  year={2009},
  organization={Citeseer}
}

@inproceedings{bouveret2010fair,
  title={Fair division under ordinal preferences: Computing envy-free allocations of indivisible goods.},
  author={Bouveret, Sylvain and Endriss, Ulle and Lang, J{\'e}r{\^o}me and others},
  booktitle={ECAI},
  pages={387--392},
  year={2010}
}

@article{aziz2019fractional,
  title={Fractional hedonic games},
  author={Aziz, Haris and Brandl, Florian and Brandt, Felix and Harrenstein, Paul and Olsen, Martin and Peters, Dominik},
  journal={ACM Transactions on Economics and Computation (TEAC)},
  volume={7},
  number={2},
  pages={1--29},
  year={2019},
  publisher={ACM New York, NY, USA}
}

@inproceedings{olsen2012defining,
  title={On defining and computing communities},
  author={Olsen, Martin},
  booktitle={Proceedings of the Eighteenth Computing: The Australasian Theory Symposium-Volume 128},
  pages={97--102},
  year={2012}
}

@article{dimitrov2006simple,
  title={Simple priorities and core stability in hedonic games},
  author={Dimitrov, Dinko and Borm, Peter and Hendrickx, Ruud and Sung, Shao Chin},
  journal={Social Choice and Welfare},
  volume={26},
  number={2},
  pages={421--433},
  year={2006},
  publisher={Springer}
}

@article{banerjee2001core,
  title={Core in a simple coalition formation game},
  author={Banerjee, Suryapratim and Konishi, Hideo and S{\"o}nmez, Tayfun},
  journal={Social Choice and Welfare},
  volume={18},
  number={1},
  pages={135--153},
  year={2001},
  publisher={Springer}
}

@article{ballester2004np,
  title={NP-completeness in hedonic games},
  author={Ballester, Coralio},
  journal={Games and Economic Behavior},
  volume={49},
  number={1},
  pages={1--30},
  year={2004},
  publisher={Elsevier}
}

@inproceedings{aziz2011stable,
  title={Stable partitions in additively separable hedonic games.},
  author={Aziz, Haris and Brandt, Felix and Seedig, Hans Georg},
  booktitle={AAMAS},
  volume={11},
  pages={183--190},
  year={2011}
}

@article{monaco2020stable,
  title={Stable outcomes in modified fractional hedonic games},
  author={Monaco, Gianpiero and Moscardelli, Luca and Velaj, Yllka},
  journal={Autonomous Agents and Multi-Agent Systems},
  volume={34},
  number={1},
  pages={1--29},
  year={2020},
  publisher={Springer}
}

@inproceedings{aziz2015welfare,
  title={Welfare maximization in fractional hedonic games},
  author={Aziz, Haris and Gaspers, Serge and Gudmundsson, Joachim and Mestre, Juli{\'a}n and Taubig, Hanjo},
  booktitle={Twenty-Fourth International Joint Conference on Artificial Intelligence},
  year={2015}
}

@article{elkind2020price,
  title={Price of pareto optimality in hedonic games},
  author={Elkind, Edith and Fanelli, Angelo and Flammini, Michele},
  journal={Artificial Intelligence},
  volume={288},
  pages={103357},
  year={2020},
  publisher={Elsevier}
}

@inproceedings{bullinger2020pareto,
  title={Pareto-Optimality in Cardinal Hedonic Games},
  author={Bullinger, Martin},
  booktitle={Proceedings of the 19th International Conference on Autonomous Agents and Multi-Agent Systems},
  pages={213--221},
  year={2020}
}

@article{munoz2017revenue,
  title={Revenue optimization with approximate bid predictions},
  author={Munoz, Andres and Vassilvitskii, Sergei},
  journal={Advances in Neural Information Processing Systems},
  volume={30},
  year={2017}
}

@article{lykouris2021competitive,
  title={Competitive caching with machine learned advice},
  author={Lykouris, Thodoris and Vassilvitskii, Sergei},
  journal={Journal of the ACM (JACM)},
  volume={68},
  number={4},
  pages={1--25},
  year={2021},
  publisher={ACM New York, NY}
}

@inproceedings{dong2019learning,
  title={Learning Space Partitions for Nearest Neighbor Search},
  author={Dong, Yihe and Indyk, Piotr and Razenshteyn, Ilya and Wagner, Tal},
  booktitle={International Conference on Learning Representations},
  year={2019}
}

@inproceedings{anand2020customizing,
  title={Customizing ML predictions for online algorithms},
  author={Anand, Keerti and Ge, Rong and Panigrahi, Debmalya},
  booktitle={International Conference on Machine Learning},
  pages={303--313},
  year={2020},
  organization={PMLR}
}

@article{boyar2017online,
  title={Online algorithms with advice: a survey},
  author={Boyar, Joan and Favrholdt, Lene M and Kudahl, Christian and Larsen, Kim S and Mikkelsen, Jesper W},
  journal={ACM Computing Surveys (CSUR)},
  volume={50},
  number={2},
  pages={1--34},
  year={2017},
  publisher={ACM New York, NY, USA}
}

@incollection{lackner2023approval,
  title={Approval-based committee voting},
  author={Lackner, Martin and Skowron, Piotr},
  booktitle={Multi-Winner Voting with Approval Preferences},
  pages={1--7},
  year={2023},
  publisher={Springer}
}

@inproceedings{dey2017proportional,
  title={Proportional Representation in Vote Streams},
  author={Dey, Palash and Talmon, Nimrod and van Handel, Otniel},
  booktitle={Proceedings of the 16th Conference on Autonomous Agents and MultiAgent Systems},
  pages={15--23},
  year={2017}
}

@inproceedings{botan2021manipulability,
  title={Manipulability of Thiele methods on party-list profiles},
  author={Botan, Sirin},
  booktitle={Proceedings of the 20th International Conference on Autonomous Agents and MultiAgent Systems},
  pages={223--231},
  year={2021}
}


@article{chung2004spectra,
author = {Fan Chung and Linyuan Lu and Van Vu},
title = {{The Spectra of Random Graphs with Given Expected Degrees}},
volume = {1},
journal = {Internet Mathematics},
number = {3},
publisher = {A K Peters, Ltd.},
pages = {257 -- 275},
year = {2003},
}

@inproceedings{karp1981maximum,
  title={Maximum matching in sparse random graphs},
  author={Karp, Richard M and Sipser, Michael},
  booktitle={22nd Annual Symposium on Foundations of Computer Science (sfcs 1981)},
  pages={364--375},
  year={1981},
  organization={IEEE}
}

@article{erdos59random,
  author = {Erd\"{o}s, Paul and R\'{e}nyi, Alfr\'{e}d},
  journal = {Publicationes Mathematicae Debrecen},
  pages = {290--297},
  title = {On Random Graphs. I},
  volume = 6,
  year = 1959
}

@article{meka2009matrix,
  title={Matrix completion from power-law distributed samples},
  author={Meka, Raghu and Jain, Prateek and Dhillon, Inderjit},
  journal={Advances in neural information processing systems},
  volume={22},
  year={2009}
}

@article{kurtz1971limit,
  title={Limit theorems for sequences of jump Markov processes approximating ordinary differential processes},
  author={Kurtz, Thomas G},
  journal={Journal of Applied Probability},
  volume={8},
  number={2},
  pages={344--356},
  year={1971},
  publisher={Cambridge University Press}
}

@article{aamand2022optimal,
  title={(Optimal) Online Bipartite Matching with Degree Information},
  author={Aamand, Anders and Chen, Justin and Indyk, Piotr},
  journal={Advances in Neural Information Processing Systems},
  volume={35},
  pages={5724--5737},
  year={2022}
}

@article{borodin2019experimental,
  title={An experimental study of algorithms for online bipartite matching},
  author={Borodin, Allan and Karavasilis, Christodoulos and Pankratov, Denis},
  journal={Journal of Experimental Algorithmics (JEA)},
  volume={25},
  pages={1--37},
  year={2020},
  publisher={ACM New York, NY, USA}
}

@inproceedings{halldorsson1994greed,
  title={Greed is good: Approximating independent sets in sparse and bounded-degree graphs},
  author={Halld{\'o}rsson, Magn{\'u}s and Radhakrishnan, Jaikumar},
  booktitle={Proceedings of the twenty-sixth annual ACM symposium on Theory of computing},
  pages={439--448},
  year={1994}
}

@inproceedings{hsu2019learning,
  title={Learning-Based Frequency Estimation Algorithms.},
  author={Hsu, Chen-Yu and Indyk, Piotr and Katabi, Dina and Vakilian, Ali},
  booktitle={International Conference on Learning Representations},
  year={2019}
}

@article{antoniadis2020secretary,
  title={Secretary and online matching problems with machine learned advice},
  author={Antoniadis, Antonios and Gouleakis, Themis and Kleer, Pieter and Kolev, Pavel},
  journal={Advances in Neural Information Processing Systems},
  volume={33},
  pages={7933--7944},
  year={2020}
}

@article{kumar2019semi,
  title={Semi-Online Bipartite Matching},
  author={Kumar, Ravi and Purohit, Manish and Schild, Aaron and Svitkina, Zoya and Vee, Erik},
  journal={10th Innovations in Theoretical Computer Science},
  year={2019}
}

@inproceedings{cohen2023complexity,
  title={Complexity of Probabilistic Inference in Random Dichotomous Hedonic Games},
  author={Cohen, Saar and Agmon, Noa},
  booktitle={Proceedings of the AAAI Conference on Artificial Intelligence},
  volume={37},
  year={2023}
}

@inproceedings{li2022partitioning,
  title={Partitioning Friends Fairly},
  author={Li, Lily and Micha, Evi and Nikolov, Aleksandar and Shah, Nisarg},
  booktitle={Proceedings of the AAAI Conference on Artificial Intelligence},
  volume={37},
  number={5},
  pages={5747-5754},
  year={2023}
}

@inproceedings{bilo2022hedonic,
  title={Hedonic games with fixed-size coalitions},
  author={Bil{\`o}, Vittorio and Monaco, Gianpiero and Moscardelli, Luca},
  booktitle={Proceedings of the AAAI Conference on Artificial Intelligence},
  volume={36},
  number={9},
  pages={9287--9295},
  year={2022}
}

@article{newman2002random,
  title={Random graph models of social networks},
  author={Newman, Mark EJ and Watts, Duncan J and Strogatz, Steven H},
  journal={Proceedings of the national academy of sciences},
  volume={99},
  pages={2566--2572},
  year={2002},
  publisher={National Acad Sciences}
}

@article{molloy1995critical,
  title={A critical point for random graphs with a given degree sequence},
  author={Molloy, Michael and Reed, Bruce},
  journal={Random structures \& algorithms},
  volume={6},
  number={2-3},
  pages={161--180},
  year={1995},
  publisher={Wiley Online Library}
}
