@inproceedings{han2018viton,
author={Han, Xintong and Wu, Zuxuan and Wu, Zhe and Yu, Ruichi and Davis, Larry S},
title={Viton: An image-based virtual try-on network},
booktitle={Proceedings of the IEEE conference on computer vision and pattern recognition (CVPR)},
pages={7543--7552},
year={2018}
}


@inproceedings{wang2018toward,
title={Toward characteristic-preserving image-based virtual try-on network},
author={Wang, Bochao and Zheng, Huabin and Liang, Xiaodan and Chen, Yimin and Lin, Liang and Yang, Meng},
booktitle={Proceedings of the European Conference on Computer Vision (ECCV)},
pages={589--604},
year={2018},
organization={Springer}
}


@inproceedings{yang2020towards,
title={Towards photo-realistic virtual try-on by adaptively generating-preserving image content},
author={Yang, Han and Zhang, Ruimao and Guo, Xiaobao and Liu, Wei and Zuo, Wangmeng and Luo, Ping},
booktitle={Proceedings of the IEEE/CVF Conference on Computer Vision and Pattern Recognition (CVPR)},
pages={7850--7859},
year={2020}
}


@inproceedings{choi2021viton,
title={VITON-HD: High-Resolution Virtual Try-On via Misalignment-Aware Normalization},
author={Choi, Seunghwan and Park, Sunghyun and Lee, Minsoo and Choo, Jaegul},
booktitle={Proceedings of the IEEE/CVF Conference on Computer Vision and Pattern Recognition (CVPR)},
pages={14131--14140},
year={2021}
}

@inproceedings{ge2021parser,
title={Parser-Free Virtual Try-on via Distilling Appearance Flows},
author={Ge, Yuying and Song, Yibing and Zhang, Ruimao and Ge, Chongjian and Liu, Wei and Luo, Ping},
booktitle={Proceedings of the IEEE/CVF Conference on Computer Vision and Pattern Recognition (CVPR)},
pages={8485--8493},
year={2021}
}



@inproceedings{lee2022hrviton,
  title={High-resolution virtual try-on with misalignment and occlusion-handled conditions},
  author={Lee, Sangyun and Gu, Gyojung and Park, Sunghyun and Choi, Seunghwan and Choo, Jaegul},
  booktitle={Proceedings of the European Conference on Computer Vision (ECCV)},
  pages={204--219},
  year={2022},
  organization={Springer}
}


@inproceedings{zhang2018perceptual,
title={The Unreasonable Effectiveness of Deep Features as a Perceptual Metric},
author={Zhang, Richard and Isola, Phillip and Efros, Alexei A and Shechtman, Eli and Wang, Oliver},
booktitle={Proceedings of the IEEE conference on computer vision and pattern recognition (CVPR)},
pages={586--595},
year={2018}
}


@inproceedings{gong2018instance,
title={Instance-level human parsing via part grouping network},
author={Gong, Ke and Liang, Xiaodan and Li, Yicheng and Chen, Yimin and Yang, Ming and Lin, Liang},
booktitle={Proceedings of the European conference on computer vision (ECCV)},
pages={770--785},
year={2018},
organization={Springer}
}

@inproceedings{guler2018densepose,
title={Densepose: Dense human pose estimation in the wild},
author={G{\"u}ler, R{\i}za Alp and Neverova, Natalia and Kokkinos, Iasonas},
booktitle={Proceedings of the IEEE conference on computer vision and pattern recognition (CVPR)},
pages={7297--7306},
year={2018}
}

@inproceedings{han2019clothflow,
  title={Clothflow: A flow-based model for clothed person generation},
  author={Han, Xintong and Hu, Xiaojun and Huang, Weilin and Scott, Matthew R},
  booktitle={Proceedings of the IEEE/CVF international conference on computer vision (ICCV)},
  pages={10471--10480},
  year={2019}
}


@inproceedings{
shi2023recon,
title={Recon: Reducing Conflicting Gradients From the Root For Multi-Task Learning},
author={Guangyuan SHI and Qimai Li and Wenlong Zhang and Jiaxin Chen and Xiao-Ming Wu},
booktitle={International Conference on Learning Representations (ICLR)},
year={2022},
}

@inproceedings{heusel2017gans,
  author = {Heusel, Martin and Ramsauer, Hubert and Unterthiner, Thomas and Nessler, Bernhard and Hochreiter, Sepp},
 booktitle = {Advances in Neural Information Processing Systems (NeurIPS)},
 pages = {},
 title = {GANs Trained by a Two Time-Scale Update Rule Converge to a Local Nash Equilibrium},
 volume = {30},
 year = {2017}
}

@inproceedings{
bińkowski2018demystifying,
title={Demystifying {MMD} {GAN}s},
author={Mikołaj Bińkowski and Dougal J. Sutherland and Michael Arbel and Arthur Gretton},
booktitle={International Conference on Learning Representations (ICLR)},
year={2018},
}

@inproceedings{johnson2016perceptual,
  title={Perceptual losses for real-time style transfer and super-resolution},
  author={Johnson, Justin and Alahi, Alexandre and Fei-Fei, Li},
  booktitle={Proceedings of the European conference on computer vision (ECCV)},
  pages={694--711},
  year={2016},
  organization={Springer}
}

@article{wang2004image,
  title={Image quality assessment: from error visibility to structural similarity},
  author={Wang, Zhou and Bovik, Alan C and Sheikh, Hamid R and Simoncelli, Eero P},
  journal={IEEE transactions on image processing},
  volume={13},
  number={4},
  pages={600--612},
  year={2004},
  publisher={IEEE}
}

@inproceedings{veit2016residual,
 author = {Veit, Andreas and Wilber, Michael J and Belongie, Serge},
 booktitle = {Advances in Neural Information Processing Systems (NeurIPS)},
 pages = {},
 title = {Residual Networks Behave Like Ensembles of Relatively Shallow Networks},
 volume = {29},
 year = {2016}
}

@inproceedings{zhou2016view,
  title={View synthesis by appearance flow},
  author={Zhou, Tinghui and Tulsiani, Shubham and Sun, Weilun and Malik, Jitendra and Efros, Alexei A},
  booktitle={Proceedings of the European conference on computer vision (ECCV)},
  pages={286--301},
  year={2016},
  organization={Springer}
}
