@book{spence1974market,
  title={Market signaling: Informational transfer in hiring and related screening processes},
  author={Spence, Andrew Michael},
  volume={143},
  year={1974},
  publisher={Harvard Univ Pr}
}

@article{turner2012using,
  title={Using crowdsourcing technology for testing multilingual public health promotion materials},
  author={Turner, Anne M and Kirchhoff, Katrin and Capurro, Daniel},
  journal={Journal of medical Internet research},
  volume={14},
  number={3},
  pages={e79},
  year={2012},
  publisher={JMIR Publications Inc., Toronto, Canada}
}

@article{fudenberg1991perfect,
  title={Perfect Bayesian equilibrium and sequential equilibrium},
  author={Fudenberg, Drew and Tirole, Jean},
  journal={journal of Economic Theory},
  volume={53},
  number={2},
  pages={236--260},
  year={1991},
  publisher={Elsevier}
}

@article{shen2011signaling,
  title={Signaling game based strategy of intrusion detection in wireless sensor networks},
  author={Shen, Shigen and Li, Yuanjie and Xu, Hongyun and Cao, Qiying},
  journal={Computers \& Mathematics with Applications},
  volume={62},
  number={6},
  pages={2404--2416},
  year={2011},
  publisher={Elsevier}
}


@inproceedings{bilgic2005explaining,
  title={Explaining recommendations: Satisfaction vs. promotion},
  author={Bilgic, Mustafa and Mooney, Raymond J},
  booktitle={Beyond Personalization Workshop, IUI},
  pages = {13--18},
  year={2005}
}
@article{boeing2017osmnx,
  title={OSMnx: New methods for acquiring, constructing, analyzing, and visualizing complex street networks},
  author={Boeing, Geoff},
  journal={Computers, Environment and Urban Systems},
  volume={65},
  pages={126--139},
  year={2017},
  publisher={Elsevier}
}

@article{scikit-learn,
 title={Scikit-learn: Machine Learning in {P}ython},
 author={Pedregosa, F. and Varoquaux, G. and Gramfort, A. and Michel, V.
         and Thirion, B. and Grisel, O. and Blondel, M. and Prettenhofer, P.
         and Weiss, R. and Dubourg, V. and Vanderplas, J. and Passos, A. and
         Cournapeau, D. and Brucher, M. and Perrot, M. and Duchesnay, E.},
 journal={Journal of Machine Learning Research},
 volume={12},
 pages={2825--2830},
 year={2011}
}

@article{holzinger2017we,
  title={What do we need to build explainable AI systems for the medical domain?},
  author={Holzinger, Andreas and Biemann, Chris and Pattichis, Constantinos S and Kell, Douglas B},
  journal={arXiv preprint arXiv:1712.09923},
  year={2017}
}

@inproceedings{azaria2014agent,
  title={An agent for the prospect presentation problem},
  author={Azaria, Amos and Richardson, Ariella and Kraus, Sarit},
  booktitle={Proceedings of the 2014 international conference on Autonomous agents and multi-agent systems},
  pages={989--996},
  year={2014},
  organization={International Foundation for Autonomous Agents and Multiagent Systems}
}

@inproceedings{azaria2012strategic,
  title={Strategic advice provision in repeated human-agent interactions},
  author={Azaria, Amos and Rabinovich, Zinovi and Kraus, Sarit and Goldman, Claudia V and Gal, Ya'akov},
  booktitle={Twenty-Sixth AAAI Conference on Artificial Intelligence},
  year={2012}
}


@article{azaria2015strategic,
  title={Strategic information disclosure to people with multiple alternatives},
  author={Azaria, Amos and Rabinovich, Zinovi and Goldman, Claudia V and Kraus, Sarit},
  journal={ACM Transactions on Intelligent Systems and Technology (TIST)},
  volume={5},
  number={4},
  pages={64},
  year={2015},
  publisher={ACM}
}


@article{doran2017does,
  title={What does explainable AI really mean? A new conceptualization of perspectives},
  author={Doran, Derek and Schulz, Sarah and Besold, Tarek R},
  journal={arXiv preprint arXiv:1710.00794},
  year={2017}
}

@article{adadi2018peeking,
  title={Peeking inside the black-box: A survey on Explainable Artificial Intelligence (XAI)},
  author={Adadi, Amina and Berrada, Mohammed},
  journal={IEEE Access},
  volume={6},
  pages={52138--52160},
  year={2018},
  publisher={IEEE}
}

@article{paolacci2010running,
  title={Running experiments on amazon mechanical turk},
  author={Paolacci, Gabriele and Chandler, Jesse and Ipeirotis, Panagiotis G},
  journal={Judgment and Decision making},
  volume={5},
  number={5},
  pages={411--419},
  year={2010}
}

@article{amir2012economic,
  title={Economic games on the internet: The effect of \$1 stakes},
  author={Amir, Ofra and Rand, David G and others},
  journal={PloS one},
  volume={7},
  number={2},
  pages={e31461},
  year={2012},
  publisher={Public Library of Science}
}

@inproceedings{kraus2019ai,
  title={AI for Explaining Decisions in Multi-Agent Environments},
  author={Kraus, Sarit and Azaria, Amos and Fiosina, Jelena and Greve, Maike and Hazon, Noam and Kolbe, Lutz and Lembcke, Tim-Benjamin and M{\"u}ller, J{\"o}rg P and Schleibaum, S{\"o}ren and Vollrath, Mark},
  booktitle={The Thirty-Fourth {AAAI} Conference on Artificial Intelligence},
  pages = {13534--13538},
  year={2019}
}

@article{li2016ride,
  title={Do ride-sharing services affect traffic congestion? An empirical study of uber entry},
  author={Li, Ziru and Hong, Yili and Zhang, Zhongju},
  journal={Social Science Research Network},
  volume={2002},
  pages={1--29},
  year={2016}
}

@misc{united2018,
  title={2018 revision of world urbanization prospects},
  author={United Nations},
  year={2018},
  publisher={United Nations Department of Economic and Social Affairs}
}

@article{cottrill2016computational,
  title={Computational Challenges in Cooperative Intelligent Urban Transport},
  author={Cottrill, Caitlin Doyle and Ehmke, Jan Fabian and Kl{\"u}gl, Franziska and Timpf, Sabine},
  year={2016}
}

@article{teubner2015economics,
  title={The economics of multi-hop ride sharing},
  author={Teubner, Timm and Flath, Christoph M},
  journal={Business \& Information Systems Engineering},
  volume={57},
  number={5},
  pages={311--324},
  year={2015},
  publisher={Springer}
}

@misc{Daimler2019,
  title={Daimler and Bosch: San Jos√© targeted to become the pilot city for an automated on-demand ride-hailing service},
  author={Daimler and Bosch},
  year={2019},
  publisher={Daimler},
  note = {\url{https://media.daimler.com/marsMediaSite/en/instance/ko/Daimler-and-Bosch-San-Jos-targeted-to-become-the-pilot-city-for-an-automated-on-demand-ride-hailing-service.xhtml?oid=41750838}}
}


@misc{Ing2018,
  title={Car sharing unlocked},
  author={INT Think},
  year={2018},
  publisher={INT Think},
  note = {\url{https://www.ingwb.com/insights/research/car-sharing-unlocked}}
}

@misc{motherboard2016,
  title={Why Everyone Hates UberPOOL?},
  author={Jason Koebler},
  journal={motherboard},
  year={2016},
note = {\url{https://motherboard.vice.com/en_us/article/4xaa5d/why-drivers-and-riders-hate-uberpool-and-lyft-line}},
}


@misc{resons2017,
  title={Seven Reasons Why Rideshare Drivers Hate UberPOOL \& Lyft Line},
  author={Harry Campbell},
  note = {\url{https://maximumridesharingprofits.com/7-reasons-rideshare-drivers-hate-uberpool-lyft-line/}},
  year={2017}
}


@misc{likeUber2018,
  title={Americans seem to like ride-sharing services like Uber and Lyft.},
publisher={Recode},
  author={Rani Molla},
  note = {\url{https://www.vox.com/2018/6/24/17493338/ride-sharing-services-uber-lyft-how-many-people-use}},
  year={2018}
}

@article{singh2006importance,
  title={The importance of customer satisfaction in relation to customer loyalty and retention},
  author={Singh, Harkiranpal},
  journal={Academy of Marketing Science},
  volume={60},
  number={193-225},
  pages={46},
  year={2006}
}

@article{gunning2017explainable,
  title={Explainable artificial intelligence (xai)},
  author={Gunning, David},
  journal={Defense Advanced Research Projects Agency (DARPA), nd Web},
  volume={2},
  year={2017}
}
@inproceedings{biswas2017profit,
  title={Profit optimization in commercial ridesharing},
  author={Biswas, Arpita and Gopalakrishnan, Ragavendran and Tulabandhula, Theja and Mukherjee, Koyel and Metrewar, Asmita and Thangaraj, Raja Subramaniam},
  booktitle={Proceedings of the 16th Conference on Autonomous Agents and MultiAgent Systems},
  pages={1481--1483},
  year={2017},
  organization={International Foundation for Autonomous Agents and Multiagent Systems}
}
@inproceedings{lin2016model,
  title={A model of multimodal ridesharing and its analysis},
  author={Lin, Jane and Sasidharan, Sandeep and Ma, Shuo and Wolfson, Ouri},
  booktitle={2016 17th IEEE International Conference on Mobile Data Management (MDM)},
  volume={1},
  pages={164--173},
  year={2016},
  organization={IEEE}
}




















@article{kingma2014adam,
  title={Adam: A method for stochastic optimization},
  author={Kingma, Diederik P and Ba, Jimmy},
  journal={arXiv preprint arXiv:1412.6980},
  year={2014}
}

@article{lyu2017r,
  title={R-Sharing: Rendezvous for Personalized Taxi Sharing},
  author={Lyu, Yan and Lee, Victor CS and Chow, Chi-Yin and Ng, Joseph Kee-Yin and Li, Yanhua and Zeng, Jia},
  journal={IEEE Access},
  volume={6},
  pages={5023--5036},
  year={2017},
  publisher={IEEE}
}


@Article{Hajaj2017,
	author="Hajaj, Chen
	and Hazon, Noam
	and Sarne, David",
	title="Enhancing comparison shopping agents through ordering and gradual information disclosure",
	journal="Autonomous Agents and Multi-Agent Systems",
	year="2017",
	volume="31",
	number="3",
	pages="696--714"
}

@article{albaum1997likert,
  title={The Likert scale revisited},
  author={Albaum, Gerald},
  journal={Market Research Society. Journal.},
  volume={39},
  number={2},
  pages={1--21},
  year={1997},
  publisher={SAGE Publications Sage UK: London, England}
}

@inproceedings{montazery2016learning,
  title={Learning User Preferences in Matching for Ridesharing.},
  author={Montazery, Mojtaba and Wilson, Nic},
  booktitle={ICAART (2)},
  pages={63--73},
  year={2016}
}

@article{prechelt1998automatic,
  title={Automatic early stopping using cross validation: quantifying the criteria},
  author={Prechelt, Lutz},
  journal={Neural Networks},
  volume={11},
  number={4},
  pages={761--767},
  year={1998},
  publisher={Elsevier}
}

@article{bojarski2016end,
  title={End to end learning for self-driving cars},
  author={Bojarski, Mariusz and Del Testa, Davide and Dworakowski, Daniel and Firner, Bernhard and Flepp, Beat and Goyal, Prasoon and Jackel, Lawrence D and Monfort, Mathew and Muller, Urs and Zhang, Jiakai and others},
  journal={arXiv preprint arXiv:1604.07316},
  year={2016}
}

@article{madsen1995heuristic,
  title={A heuristic algorithm for a dial-a-ride problem with time windows, multiple capacities, and multiple objectives},
  author={Madsen, Oli BG and Ravn, Hans F and Rygaard, Jens Moberg},
  journal={Annals of operations Research},
  volume={60},
  number={1},
  pages={193--208},
  year={1995},
  publisher={Springer}
}

@article{li2017transforming,
  title={Transforming Cooling Optimization for Green Data Center via Deep Reinforcement Learning},
  author={Li, Yuanlong and Wen, Yonggang and Guan, Kyle and Tao, Dacheng},
  journal={arXiv preprint arXiv:1709.05077},
  year={2017}
}

@article{li2016deep,
  title={Deep reinforcement learning for dialogue generation},
  author={Li, Jiwei and Monroe, Will and Ritter, Alan and Galley, Michel and Gao, Jianfeng and Jurafsky, Dan},
  journal={arXiv preprint arXiv:1606.01541},
  year={2016}
}

@article{silver2016mastering,
  title={Mastering the game of Go with deep neural networks and tree search},
  author={Silver, David and Huang, Aja and Maddison, Chris J and Guez, Arthur and Sifre, Laurent and Van Den Driessche, George and Schrittwieser, Julian and Antonoglou, Ioannis and Panneershelvam, Veda and Lanctot, Marc and others},
  journal={Nature},
  volume={529},
  number={7587},
  pages={484--489},
  year={2016},
  publisher={Nature Research}
}

@inproceedings{abbeel2004apprenticeship,
  title={Apprenticeship learning via inverse reinforcement learning},
  author={Abbeel, Pieter and Ng, Andrew Y},
  booktitle={Proceedings of the twenty-first international conference on Machine learning},
  pages={1},
  year={2004},
  organization={ACM}
}

%car-pooling?
@inproceedings{kamar2009collaboration,
  title={Collaboration and Shared Plans in the Open World: Studies of Ridesharing.},
  author={Kamar, Ece and Horvitz, Eric},
  booktitle={IJCAI},
  volume={9},
  pages={187},
  year={2009}
}

@article{lin2012research,
  title={Research on optimization of vehicle routing problem for ride-sharing taxi},
  author={Lin, Yeqian and Li, Wenquan and Qiu, Feng and Xu, He},
  journal={Procedia-Social and Behavioral Sciences},
  volume={43},
  pages={494--502},
  year={2012},
  publisher={Elsevier}
}

@article{agatz2011dynamic,
  title={Dynamic ride-sharing: A simulation study in metro Atlanta},
  author={Agatz, Niels and Erera, Alan L and Savelsbergh, Martin WP and Wang, Xing},
  journal={Procedia-Social and Behavioral Sciences},
  volume={17},
  pages={532--550},
  year={2011},
  publisher={Elsevier}
}

@article{sun2015getting,
  title={Is getting an Uber-Lyft from a sidecar different from hailing a taxi? Current dynamic ridesharing controversy},
  author={Sun, Carlos and Edara, Praveen},
  journal={Transportation Research Record: Journal of the Transportation Research Board},
  number={2536},
  pages={60--66},
  year={2015},
  publisher={Transportation Research Board of the National Academies}
}

@article{wallsten2015competitive,
  title={The competitive effects of the sharing economy: how is Uber changing taxis?},
  author={Wallsten, Scott},
  journal={Technology Policy Institute},
  volume={22},
  year={2015}
}

@inproceedings{thomaz2006reinforcement,
  title={Reinforcement learning with human teachers: Evidence of feedback and guidance with implications for learning performance},
  author={Thomaz, Andrea Lockerd and Breazeal, Cynthia and others},
  booktitle={Aaai},
  volume={6},
  pages={1000--1005},
  year={2006}
}

@article{taylor2009transfer,
  title={Transfer learning for reinforcement learning domains: A survey},
  author={Taylor, Matthew E and Stone, Peter},
  journal={Journal of Machine Learning Research},
  volume={10},
  number={Jul},
  pages={1633--1685},
  year={2009}
}

@inproceedings{taylor2005behavior,
  title={Behavior transfer for value-function-based reinforcement learning},
  author={Taylor, Matthew E and Stone, Peter},
  booktitle={Proceedings of the fourth international joint conference on Autonomous agents and multiagent systems},
  pages={53--59},
  year={2005},
  organization={ACM}
}

@inproceedings{taylor2009assisting,
  title={Assisting Transfer-Enabled Machine Learning Algorithms: Leveraging Human Knowledge for Curriculum Design.},
  author={Taylor, Matthew E},
  booktitle={AAAI Spring Symposium: Agents that Learn from Human Teachers},
  pages={141--143},
  year={2009}
}

@misc{RSGsurvey2017,
  author={Harry Campbell},
  title={RSG 2017 Survey Results: Driver Earnings, Satisfaction and Demographics},
  journal={therideshareguy},
  year={2017}
}
  %howpublished = {\url{https://therideshareguy.com/rsg-2017-survey-results-driver-earnings-satisfaction-and-demographics/}},


@book{carnegie1936win,
  title={How to win friends and influence people},
  author={Carnegie, Dale},
  year={1936},
  publisher={Simon and Schuster}
}

@techreport{santos2011summary,
  title={Summary of travel trends: 2009 national household travel survey},
  author={Santos, Adella and McGuckin, Nancy and Nakamoto, Hikari Yukiko and Gray, Danielle and Liss, Susan},
  year={2011},
  institution = {U.S Departemnt of Transportation, Federal Highway Adminstration}
}

@book{goodfellow2016deep,
  title={Deep learning},
  author={Goodfellow, Ian and Bengio, Yoshua and Courville, Aaron},
  year={2016},
  publisher={MIT press}
}

@article{grondman2012survey,
  title={A survey of actor-critic reinforcement learning: Standard and natural policy gradients},
  author={Grondman, Ivo and Busoniu, Lucian and Lopes, Gabriel AD and Babuska, Robert},
  journal={IEEE Transactions on Systems, Man, and Cybernetics, Part C (Applications and Reviews)},
  volume={42},
  number={6},
  pages={1291--1307},
  year={2012},
  publisher={IEEE}
}

@inproceedings{bengio2009curriculum,
  title={Curriculum learning},
  author={Bengio, Yoshua and Louradour, J{\'e}r{\^o}me and Collobert, Ronan and Weston, Jason},
  booktitle={Proceedings of the 26th annual international conference on machine learning},
  pages={41--48},
  year={2009},
  organization={ACM}
}

@article{tibshirani1996regression,
  title={Regression shrinkage and selection via the lasso},
  author={Tibshirani, Robert},
  journal={Journal of the Royal Statistical Society. Series B (Methodological)},
  pages={267--288},
  year={1996},
  publisher={JSTOR}
}

@inproceedings{nguyen2013analyzing,
  title={Analyzing the Effectiveness of Adversary Modeling in Security Games.},
  author={Nguyen, Thanh Hong and Yang, Rong and Azaria, Amos and Kraus, Sarit and Tambe, Milind},
  booktitle={AAAI},
  year={2013}
}

@inproceedings{azaria2014agent,
  title={An agent for the prospect presentation problem},
  author={Azaria, Amos and Richardson, Ariella and Kraus, Sarit},
  booktitle={AAMAS},
  pages={989--996},
  year={2014}
}

@inproceedings{azaria2014advice,
  title={Advice provision for energy saving in automobile climate control systems},
  author={Azaria, Amos and Kraus, Sarit and Goldman, Claudia and Tsimhoni, Omer},
  booktitle={AAMAS},
  pages={1391--1392},
  year={2014}
}

@article{azaria2014automated,
  title={Automated agents for reward determination for human work in crowdsourcing applications},
  author={Azaria, Amos and Aumann, Yonatan and Kraus, Sarit},
  journal={Autonomous Agents and Multi-Agent Systems},
  volume={28},
  number={6},
  pages={934--955},
  year={2014},
  publisher={Springer}
}


@article{rosenfeld2012combining,
  title={Combining psychological models with machine learning to better predict people‚Äôs decisions},
  author={Rosenfeld, Avi and Zuckerman, Inon and Azaria, Amos and Kraus, Sarit},
  journal={Synthese},
  volume={189},
  number={1},
  pages={81--93},
  year={2012},
  publisher={Springer}
}

@inproceedings{azaria2012giving,
  title={Giving advice to people in path selection problems},
  author={Azaria, Amos and Rabinovich, Zinovi and Kraus, Sarit and Goldman, Claudia V and Tsimhoni, Omer},
  booktitle={AAMAS},
  pages={459--466},
  year={2012}
}

@inproceedings{campana2016machine,
  title={A machine-learned ranking algorithm for dynamic and personalised car pooling services},
  author={Campana, Mattia Giovanni and Delmastro, Franca and Bruno, Raffaele},
  booktitle={Intelligent Transportation Systems (ITSC), 2016 IEEE 19th International Conference on},
  pages={1856--1862},
  year={2016},
  organization={IEEE}
}

@inproceedings{guidotti2015social,
  title={Social or green? a data-driven approach for more enjoyable carpooling},
  author={Guidotti, Riccardo and Sassi, Andrea and Berlingerio, Michele and Pascale, Alessandra and Ghaddar, Bissan},
  booktitle={Intelligent Transportation Systems (ITSC), 2015 IEEE 18th International Conference on},
  pages={842--847},
  year={2015},
  organization={IEEE}
}

@Book {ASRDL,
author       = {Dong Yu and Li Deng},
month        = {October},
publisher    = {Springer},
title        = {Automatic Speech Recognition - A Deep Learning Approach},
url          = {http://research.microsoft.com/apps/pubs/default.aspx?id=230891},
year         = {2014},
}

@article{price2003accelerating,
  title={Accelerating reinforcement learning through implicit imitation},
  author={Price, Bob and Boutilier, Craig},
  journal={Journal of Artificial Intelligence Research},
  volume={19},
  pages={569--629},
  year={2003}
}

@article{nay2016predicting,
  title={Predicting human cooperation},
  author={Nay, John J and Vorobeychik, Yevgeniy},
  journal={PloS one},
  volume={11},
  number={5},
  pages={e0155656},
  year={2016},
  publisher={Public Library of Science}
}

@article{macglashanconvergent,
  title={Convergent Actor Critic by Humans},
  author={MacGlashan, James and Littman, Michael L and Roberts, David L and Loftin, Robert and Peng, Bei and Taylor, Matthew E}
}

@inproceedings{sheh2011behavioural,
  title={Behavioural cloning for driving robots over rough terrain},
  author={Sheh, Raymond and Hengst, Bernhard and Sammut, Claude},
  booktitle={2011 IEEE/RSJ International Conference on Intelligent Robots and Systems},
  pages={732--737},
  year={2011},
  organization={IEEE}
}

@inproceedings{peng2016need,
  title={A Need for Speed: Adapting Agent Action Speed to Improve Task Learning from Non-Expert Humans},
  author={Peng, Bei and MacGlashan, James and Loftin, Robert and Littman, Michael L and Roberts, David L and Taylor, Matthew E},
  booktitle={AAMAS},
  pages={957--965},
  year={2016}
}

@article{mnih2016asynchronous,
  title={Asynchronous methods for deep reinforcement learning},
  author={Mnih, Volodymyr and Badia, Adria Puigdomenech and Mirza, Mehdi and Graves, Alex and Lillicrap, Timothy P and Harley, Tim and Silver, David and Kavukcuoglu, Koray},
  journal={arXiv preprint arXiv:1602.01783},
  year={2016}
}

@article{synnaeve2016torchcraft,
  title={TorchCraft: a Library for Machine Learning Research on Real-Time Strategy Games},
  author={Synnaeve, Gabriel and Nardelli, Nantas and Auvolat, Alex and Chintala, Soumith and Lacroix, Timoth{\'e}e and Lin, Zeming and Richoux, Florian and Usunier, Nicolas},
  journal={arXiv preprint arXiv:1611.00625},
  year={2016}
}

@article{mnih2015human,
  title={Human-level control through deep reinforcement learning},
  author={Mnih, Volodymyr and Kavukcuoglu, Koray and Silver, David and Rusu, Andrei A and Veness, Joel and Bellemare, Marc G and Graves, Alex and Riedmiller, Martin and Fidjeland, Andreas K and Ostrovski, Georg and others},
  journal={Nature},
  volume={518},
  number={7540},
  pages={529--533},
  year={2015},
  publisher={Nature Publishing Group}
}

@inproceedings{azaria2015agent,
  title={An Agent for Deception Detection in Discussion Based Environments},
  author={Azaria, Amos and Richardson, Ariella and Kraus, Sarit},
  booktitle={Proceedings of the 18th ACM Conference on Computer Supported Cooperative Work \& Social Computing},
  pages={218--227},
  year={2015},
  organization={ACM}
}

@article{van2016deep,
  title={Deep reinforcement learning with double Q-learning},
  author={Van Hasselt, Hado and Guez, Arthur and Silver, David},
  booktitle={AAAI},
  year={2016}
}

@book{harris2008combinatorics,
  title={Combinatorics and graph theory},
  author={Harris, John Michael and Hirst, Jeffry L and Mossinghoff, Michael J},
  volume={2},
  year={2008},
  publisher={Springer}
}

@article{jaderberg2016reinforcement,
  title={Reinforcement learning with unsupervised auxiliary tasks},
  author={Jaderberg, Max and Mnih, Volodymyr and Czarnecki, Wojciech Marian and Schaul, Tom and Leibo, Joel Z and Silver, David and Kavukcuoglu, Koray},
  journal={arXiv preprint arXiv:1611.05397},
  year={2016}
}

@inproceedings{Li2017sugulite,
  title={SUGILITE: Creating Multimodal Smartphone Automation by Demonstration},
  author={Li T., Azaria A., Myers B.},
  booktitle={Proceedings of the 2017 CHI Conference on Human Factors in Computing Systems},
  year={2017 (to appear)},
}

@article{gers2000learning,
  title={Learning to forget: Continual prediction with LSTM},
  author={Gers, Felix A and Schmidhuber, J{\"u}rgen and Cummins, Fred},
  journal={Neural computation},
  volume={12},
  number={10},
  pages={2451--2471},
  year={2000},
  publisher={MIT Press}
}

@inproceedings{azaria2016instructable,
  title={Instructable Intelligent Personal Agent},
  author={Azaria, Amos and Krishnamurthy, Jayant and Mitchell, Tom M},
  booktitle={AAAI},
  year={2016}
}

@book{koller2009probabilistic,
  title={Probabilistic graphical models: principles and techniques},
  author={Koller, Daphne and Friedman, Nir},
  year={2009},
  publisher={MIT press}
}

@inproceedings{knox2009interactively,
  title={Interactively shaping agents via human reinforcement: The TAMER framework},
  author={Knox, W Bradley and Stone, Peter},
  booktitle={Proceedings of the fifth international conference on Knowledge capture},
  pages={9--16},
  year={2009},
  organization={ACM}
}

@inproceedings{druck2008learning,
  title={Learning from labeled features using generalized expectation criteria},
  author={Druck, Gregory and Mann, Gideon and McCallum, Andrew},
  booktitle={Proceedings of the 31st annual international ACM SIGIR conference on Research and development in information retrieval},
  pages={595--602},
  year={2008},
  organization={ACM}
}

@article{clancey1983epistemology,
  title={The epistemology of a rule-based expert system‚Äîa framework for explanation},
  author={Clancey, William J},
  journal={Artificial intelligence},
  volume={20},
  number={3},
  pages={215--251},
  year={1983},
  publisher={Elsevier}
}

@inproceedings{vincent2008extracting,
  title={Extracting and composing robust features with denoising autoencoders},
  author={Vincent, Pascal and Larochelle, Hugo and Bengio, Yoshua and Manzagol, Pierre-Antoine},
  booktitle={Proceedings of the 25th international conference on Machine learning},
  pages={1096--1103},
  year={2008},
  organization={ACM}
}

@article{hinton2010practical,
  title={A practical guide to training restricted Boltzmann machines},
  author={Hinton, Geoffrey},
  journal={Momentum},
  volume={9},
  number={1},
  pages={926},
  year={2010}
}

%
%
%
%from paper LIA paper
%
%
%

@inproceedings{koedinger2004opening,
  title={Opening the door to non-programmers: Authoring intelligent tutor behavior by demonstration},
  author={Koedinger, Kenneth R and Aleven, Vincent and Heffernan, Neil and McLaren, Bruce and Hockenberry, Matthew},
  booktitle={Intelligent Tutoring Systems},
  pages={162--174},
  year={2004},
  organization={Springer}
}

@article{argall2009survey,
  title={A survey of robot learning from demonstration},
  author={Argall, Brenna D and Chernova, Sonia and Veloso, Manuela and Browning, Brett},
  journal={Robotics and autonomous systems},
  volume={57},
  number={5},
  pages={469--483},
  year={2009},
  publisher={Elsevier}
}

@inproceedings{thomasonlearning,
  title={Learning to Interpret Natural Language Commands through Human-Robot Dialog},
  author={Thomason, Jesse and Zhang, Shiqi and Mooney, Raymond and Stone, Peter},
  booktitle={Proceedings of the Twenty-Fourth international joint conference on Artificial Intelligence (IJCAI)},
  year={2015}
}

@inproceedings{quirk:acl15,
title={Language to Code: Learning Semantic Parsers for If-This-Then-That Recipes},
author={Chris Quirk and Raymond Mooney and Michel Galley},
booktitle={Proceedings of the 53rd Annual Meeting of the Association for Computational Linguistics (ACL-15)},
month={July},
address={Beijing, China},
pages={878--888},
url="http://www.cs.utexas.edu/users/ai-lab/pub-view.php?PubID=127514",
year={2015}
}

@Misc{amt_link,
  key =          {Amazon Mechanical Turk},
  author =    {Amazon},
  title =        {{M}echanical {T}urk Services},
  howpublished = {http://www.mturk.com/},
  OPTmonth =     {},
  year =      {2015},
  OPTnote =      {},
  OPTannote =    {}
}

@inproceedings{haas1980approach,
  title={An approach to acquiring and applying knowledge},
  author={Haas, Norman and Hendrix, Gary G},
  booktitle={AAAI},
  pages={235--239},
  year={1980}
}

@article{younger1967recognition,
  title={Recognition and parsing of context-free languages in time n 3},
  author={Younger, Daniel H},
  journal={Information and control},
  volume={10},
  number={2},
  pages={189--208},
  year={1967},
  publisher={Elsevier}
}

@article{hinkin1998brief,
  title={A brief tutorial on the development of measures for use in survey questionnaires},
  author={Hinkin, Timothy R},
  journal={Organizational research methods},
  volume={1},
  number={1},
  pages={104--121},
  year={1998},
  publisher={Sage Publications}
}

@inproceedings{allen2007plow,
  title={Plow: A collaborative task learning agent},
  author={Allen, James and Chambers, Nathanael and Ferguson, George and Galescu, Lucian and Jung, Hyuckchul and Swift, Mary and Taysom, William},
  booktitle={Proceedings of the National Conference on Artificial Intelligence},
  volume={22},
  number={2},
  pages={1514},
  year={2007},
  organization={Menlo Park, CA; Cambridge, MA; London; AAAI Press; MIT Press; 1999}
}

@inproceedings{le2013smartsynth,
  title={Smartsynth: Synthesizing smartphone automation scripts from natural language},
  author={Le, Vu and Gulwani, Sumit and Su, Zhendong},
  booktitle={Proceeding of the 11th annual international conference on Mobile systems, applications, and services},
  pages={193--206},
  year={2013},
  organization={ACM}
}

@article{harnad1990symbol,
  title={The symbol grounding problem},
  author={Harnad, Stevan},
  journal={Physica D: Nonlinear Phenomena},
  volume={42},
  number={1},
  pages={335--346},
  year={1990},
  publisher={Elsevier}
}

@inproceedings{chen2008learning,
  title={Learning to sportscast: a test of grounded language acquisition},
  author={Chen, David L and Mooney, Raymond J},
  booktitle={Proceedings of the 25th international conference on Machine learning},
  pages={128--135},
  year={2008},
  organization={ACM}
}

@article{chen2011learning,
  title={Learning to interpret natural language navigation instructions from observations},
  author={Chen, David L and Mooney, Raymond J},
  journal={San Francisco, CA},
  pages={859--865},
  year={2011}
}

@inproceedings{myers1991demonstrational,
  title={Demonstrational interfaces: Coming soon?},
  author={Myers, Brad A and Cypher, Allen and Maulsby, David and Smith, David C and Shneiderman, Ben},
  booktitle={Proceedings of the SIGCHI conference on Human factors in computing systems},
  pages={393--396},
  year={1991},
  organization={ACM}
}

@article{calinon2007learning,
  title={On learning, representing, and generalizing a task in a humanoid robot},
  author={Calinon, Sylvain and Guenter, Florent and Billard, Aude},
  journal={Systems, Man, and Cybernetics, Part B: Cybernetics, IEEE Transactions on},
  volume={37},
  number={2},
  pages={286--298},
  year={2007},
  publisher={IEEE}
}

@article{nakaoka2007learning,
  title={Learning from observation paradigm: Leg task models for enabling a biped humanoid robot to imitate human dances},
  author={Nakaoka, Shin'ichiro and Nakazawa, Atsushi and Kanehiro, Fumio and Kaneko, Kenji and Morisawa, Mitsuharu and Hirukawa, Hirohisa and Ikeuchi, Katsushi},
  journal={The International Journal of Robotics Research},
  volume={26},
  number={8},
  pages={829--844},
  year={2007},
  publisher={SAGE Publications}
}

@inproceedings{kuklinski2014teleoperation,
  title={Teleoperation for learning by demonstration: Data glove versus object manipulation for intuitive robot control},
  author={Kuklinski, Kamil and Fischer, Kerstin and Marhenke, Ilka and Kirstein, Franziska and Solvason, Dorthe and Kruger, Norbert and Savarimuthu, Thiusius Rajeeth and others},
  booktitle={Ultra Modern Telecommunications and Control Systems and Workshops (ICUMT), 2014 6th International Congress on},
  pages={346--351},
  year={2014},
  organization={IEEE}
}

@incollection{billard2008robot,
  title={Robot programming by demonstration},
  author={Billard, Aude and Calinon, Sylvain and Dillmann, R{\v{R}}diger and Schaal, Stefan},
  booktitle={Springer handbook of robotics},
  pages={1371--1394},
  year={2008},
  publisher={Springer}
}

@book{biermann1983natural,
  title={Natural language programming},
  author={Biermann, Alan W},
  year={1983},
  publisher={Springer}
}

@book{reed2010creating,
  title={Creating Interactive Fiction with Inform 7},
  author={Reed, Aaron},
  year={2010},
  publisher={Cengage Learning}
}

@article{church1932set,
  title={A set of postulates for the foundation of logic},
  author={Church, Alonzo},
  journal={Annals of mathematics},
  pages={346--366},
  year={1932},
  publisher={JSTOR}
}

@inproceedings{bryant2002modeling,
  title={Modeling and verifying systems using a logic of counter arithmetic with lambda expressions and uninterpreted functions},
  author={Bryant, Randal E and Lahiri, Shuvendu K and Seshia, Sanjit A},
  booktitle={Computer Aided Verification},
  pages={78--92},
  year={2002},
  organization={Springer}
}

@techreport{morris1968lambda,
  title={Lambda-calculus models of programming languages.},
  author={Morris, James H},
  year={1968},
  institution={DTIC Document},
}

@inproceedings{bos2004wide,
  title={Wide-coverage semantic representations from a CCG parser},
  author={Bos, Johan and Clark, Stephen and Steedman, Mark and Curran, James R and Hockenmaier, Julia},
  booktitle={Proceedings of the 20th international conference on Computational Linguistics},
  pages={1240},
  year={2004},
  organization={Association for Computational Linguistics}
}

@inproceedings{kwiatkowski2011lexical,
  title={Lexical generalization in CCG grammar induction for semantic parsing},
  author={Kwiatkowski, Tom and Zettlemoyer, Luke and Goldwater, Sharon and Steedman, Mark},
  booktitle={Proceedings of the Conference on Empirical Methods in Natural Language Processing},
  pages={1512--1523},
  year={2011},
  organization={Association for Computational Linguistics}
}

@inproceedings{zettlemoyer05,
  author    = {Luke S. Zettlemoyer and
               Michael Collins},
  title     = {Learning to Map Sentences to Logical Form: structured Classification
               with Probabilistic Categorial Grammars},
  booktitle = {UAI '05, Proceedings of the 21st Conference in Uncertainty
               in Artificial Intelligence},
  year      = {2005},
}

@article{steedman11,
  title={Combinatory Categorial Grammar},
  author={Steedman, Mark and Baldridge, Jason},
  journal={Non-Transformational Syntax: Formal and Explicit Models of Grammar},
  pages={181--224},
  publisher={Wiley Online Library},
  year={2011},
}

@article{dantzig1959truck,
author = {G. B. Dantzig and J. H. Ramser},
title = {The Truck Dispatching Problem},
journal = {Management Science},
volume = {6},
number = {1},
pages = {80-91},
year = {1959}
}

@Article{parragh2008a,
author="Parragh, Sophie N. and Doerner, Karl F. and Hartl, Richard F.",
title="A survey on pickup and delivery problems. Part {I}: Transportation between customers and depot",
journal="Journal f{\"u}r Betriebswirtschaft",
year="2008",
volume="58",
number="1",
pages="21--51"
}

@Article{parragh2008b,
author="Parragh, Sophie N. and Doerner, Karl F. and Hartl, Richard F.",
title="A survey on pickup and delivery problems. Part {II}: Transportation between pickup and delivery locations",
journal="Journal f{\"u}r Betriebswirtschaft",
year="2008",
volume="58",
number="1",
pages="81--117"
}

@article{psaraftis2016dynamic,
  title={Dynamic vehicle routing problems: Three decades and counting},
  author={Psaraftis, Harilaos N and Wen, Min and Kontovas, Christos A},
  journal={Networks},
  volume={67},
  number={1},
  pages={3--31},
  year={2016},
  publisher={Wiley Online Library}
}


@Article{molenbruch2017,
author="Molenbruch, Yves and Braekers, Kris and Caris, An",
title="Typology and literature review for dial-a-ride problems",
journal="Annals of Operations Research",
year="2017"
}

@article{cordeau2003tabu,
  title={A tabu search heuristic for the static multi-vehicle dial-a-ride problem},
  author={Cordeau, Jean-Fran{\c{c}}ois and Laporte, Gilbert},
  journal={Transportation Research Part B: Methodological},
  volume={37},
  number={6},
  pages={579--594},
  year={2003},
  publisher={Elsevier}
}



%%
%% WinShell 3.3.2.6
%% http://www.winshell.org/
%%

% Strings


% Preamble


% BibTeX Entries
@inproceedings{AAMAS11Less,
 author               = {David Sarne and Avshalom Elmalech and Barbara Grosz and Moti Geva},
 booktitle            = {AAMAS},
 pages                = {431--438},
 title                = {Less Is More: Restructuring Decisions to Improve Agent Search},
 year                 = {2011},
 }
 
 @inproceedings{lasecki2013warping,
  title={Warping time for more effective real-time crowdsourcing},
  author={Lasecki, Walter S and Miller, Christopher D and Bigham, Jeffrey P},
  booktitle={Proceedings of the SIGCHI Conference on Human Factors in Computing Systems},
  pages={2033--2036},
  year={2013},
  organization={ACM}
}

@article{howe2006rise,
  title={The rise of crowdsourcing},
  author={Howe, Jeff},
  journal={Wired magazine},
  volume={14},
  number={6},
  pages={1--4},
  year={2006}
}

@inproceedings{cheng2014mechanisms,
  title={Mechanisms for arranging ride sharing and fare splitting for last-mile travel demands},
  author={Cheng, Shih-Fen and Nguyen, Duc Thien and Lau, Hoong Chuin},
  booktitle={AAMAS},
  pages={1505--1506},
  year={2014}
}

@article{hanna2016minimum,
  title={Minimum cost matching for autonomous carsharing},
  author={Hanna, Josiah P and Albert, Michael and Chen, Donna and Stone, Peter},
  journal={IFAC-PapersOnLine},
  volume={49},
  number={15},
  pages={254--259},
  year={2016},
  publisher={Elsevier}
}

@book{subrahmanian2000heterogeneous,
  title={Heterogeneous agent systems},
  author={Subrahmanian, Ventatramanan S},
  year={2000},
  publisher={MIT press}
}


@article{stone2005reinforcement,
  title={Reinforcement learning for robocup soccer keepaway},
  author={Stone, Peter and Sutton, Richard S and Kuhlmann, Gregory},
  journal={Adaptive Behavior},
  volume={13},
  number={3},
  pages={165--188},
  year={2005},
  publisher={Sage Publications Sage CA: Thousand Oaks, CA}
}

@article{meyer2014designing,
  title={Designing in-vehicle technologies for older drivers},
  author={Meyer, Joachim},
  journal={The Bridge},
  volume={44},
  number={3},
  year={2014}
}

@article{meyer2004personal,
  title={Personal vehicle transportation},
  author={Meyer, Joachim},
  journal={Technology for adaptive aging},
  year={2004},
  publisher={National Academies Press (US)}
}

 @article{bigham2015human,
  title={Human-computer interaction and collective intelligence},
  author={Bigham, Jeffrey P and Bernstein, Michael S and Adar, Eytan},
  journal={Handbook of Collective Intelligence},
  volume={57},
  year={2015},
  publisher={MIT Press}
}


@article{ArielyAnchor,
  title={``Coherent arbitrariness'': Stable demand curves without stable preferences},
  author={Ariely, Dan and Loewenstein, George and Prelec, Drazen},
  journal={The Quarterly Journal of Economics},
  volume={118},
  number={1},
  pages={73--106},
  year={2003},
  publisher={MIT Press}
}

@inbook{camerer03,
 author               = {C. F. Camerer},
 chapter              = {2},
 publisher            = {Princeton University Press},
 title                = {Behavioral {G}ame {T}heory. {E}xperiments in {S}trategic {I}nteraction},
 year                 = {2003},
 pages				  = {43--118}
 }

@article{Gal1981etal,
 author               = {S. Gal and M. Landsberger and B. Levykson},
 journal              = {International Economic Review},
 pages                = {597-608},
 title                = {A compound strategy for search in the labor market},
 volume               = {22(3)},
 year                 = {1981},
 }


 
 @inproceedings{galPfe07,
  title={Modeling reciprocal behavior in human bilateral negotiation},
  author={Gal, Ya'akov and Pfeffer, Avi},
  booktitle={AAAI},
  pages={815--820},
  year={2007}
}


@article{Hazon2009,
 author               = {Noam Hazon and Yonatan Aumann and Sarit Kraus},
 journal              = {IJCAI},
 pages                = {167--174},
 title                = {Collaborative Multi Agent Physical Search with Probabilistic Knowledge},
 year                 = {2009},
 }


 
 @inproceedings{hindriks2008opponent,
  title={Opponent modelling in automated multi-issue negotiation using bayesian learning},
  author={Hindriks, Koen and Tykhonov, Dmytro},
  booktitle={AAMAS},
  pages={331--338},
  year={2008}
}


@article{HozAIJ,
 author               = {P. Hoz-Weiss and S. Kraus and J. Wilkenfeld and D. R. Andersend and A. Pate},
 journal              = {AIJl},
 pages                = {1-18},
 title                = {Resolving crises through automated bilateral negotiations},
 volume               = {172(1)},
 year                 = {2008},
 }

@article{Laibson97,
 author               = {Laibson, David},
 journal              = {The Quarterly Journal of Economics},
 number               = {2},
 pages                = {443-478},
 title                = {Golden Eggs and Hyperbolic Discounting},
 volume               = {112},
 year                 = {1997},
 }

@article{Loewenstein00,
 author               = {Loewenstein, George},
 issn                 = {0167-5249},
 issue                = {1},
 journal              = {Law and Philosophy},
 keyword              = {Humanities, Social Sciences and Law},
 pages                = {51-76},
 publisher            = {Springer Netherlands},
 title                = {Willpower: A Decision-theorist's Perspective},
 volume               = {19},
 year                 = {2000},
 }

@article{Loewenstein97,
 author               = {Loewenstein, George},
 journal              = {Economic Journal},
 number               = {387},
 pages                = {666-84},
 title                = {Anticipation and the Valuation of Delayed Consumption},
 volume               = {97},
 year                 = {1987},
 }


 
 @inproceedings{Oshratetal-aamas09,
  title={Facing the challenge of human-agent negotiations via effective general opponent modeling},
  author={Oshrat, Yinon and Lin, Raz and Kraus, Sarit},
  booktitle={AAMAS},
  pages={377--384},
  year={2009}
}



 
 @inproceedings{Peledetal11,
  title={A study of computational and human strategies in revelation games},
  author={Peled, Noam and Gal, Ya'akov Kobi and Kraus, Sarit},
  booktitle={AAMAS},
  pages={345--352},
  year={2011}
}


@article{Pratt1964,
 author               = {Pratt, J. W.},
 journal              = {Econometrica},
 keywords             = {bibtex-import},
 number               = {1/2},
 pages                = {122--136},
 posted-at            = {2006-02-13 10:12:59},
 priority             = {0},
 title                = {Risk Aversion in the Small and in the Large},
 volume               = {32},
 year                 = {1964},
 }


 @inproceedings{RosenfeldK-aamas11,
  title={Using aspiration adaptation theory to improve learning},
  author={Rosenfeld, Avi and Kraus, Sarit},
  booktitle={AAMAS},
  pages={423--430},
  year={2011}
}


@article{shin2004keeping,
 author               = {Shin, J. and Ariely, D.},
 journal              = {Management Science},
 pages                = {575--586},
 publisher            = {JSTOR},
 title                = {Keeping doors open: The effect of unavailability on incentives to keep options viable},
 year                 = {2004},
 }

@article{tversky81,
 author               = {Amos Tversky and Danliel Kahneman},
 journal              = {Science},
 number               = {4481},
 pages                = {453-458},
 title                = {The Framing of Decisions and the Psychology of Choice},
 volume               = {211},
 year                 = {1981},
 }

@article{Weitzman1979,
 author               = {Martin Weitzman},
 journal              = {Econometrica},
 month                = {May},
 number               = {3},
 pages                = {641-54},
 title                = {Optimal Search for the Best Alternative},
 volume               = {47},
 year                 = {1979},
 }

@article{zwick2003consumer,
 author               = {Zwick, R. and Rapoport, A. and Lo, A.K.C. and Muthukrishnan, AV},
 journal              = {Marketing Science},
 pages                = {503--519},
 publisher            = {JSTOR},
 title                = {Consumer sequential search: Not enough or too much?},
 year                 = {2003},
 }

@article{muller2008strategic,
  title={Strategic behavior and learning in repeated voluntary contribution experiments},
  author={Muller, Laurent and Sefton, Martin and Steinberg, Richard and Vesterlund, Lise},
  journal={Journal of Economic Behavior \& Organization},
  volume={67},
  number={3},
  pages={782--793},
  year={2008},
  publisher={Elsevier}
}

@article{brandts2009competitive,
  title={Competitive rivalry, social disposition, and subjective well-being: An experiment},
  author={Brandts, Jordi and Riedl, Arno and Van Winden, Frans},
  journal={Journal of Public Economics},
  volume={93},
  number={11},
  pages={1158--1167},
  year={2009},
  publisher={Elsevier}
}

@article{sonnemans2000decisions,
  title={Decisions and strategies in a sequential search experiment},
  author={Sonnemans, Joep},
  journal={Journal of Economic Psychology},
  volume={21},
  number={1},
  pages={91--102},
  year={2000},
  publisher={Elsevier}
}

@article{brandts2000hot,
  title={Hot vs. cold: Sequential responses and preference stability in experimental games},
  author={Brandts, Jordi and Charness, Gary},
  journal={Experimental Economics},
  volume={2},
  number={3},
  pages={227--238},
  year={2000},
  publisher={Springer}
}

@article{blount1996inconsistent,
  title={The inconsistent evaluation of absolute versus comparative payoffs in labor supply and bargaining},
  author={Blount, Sally and Bazerman, Max H},
  journal={Journal of Economic Behavior \& Organization},
  volume={30},
  number={2},
  pages={227--240},
  year={1996},
  publisher={Elsevier}
}

@article{cason1998social,
  title={Social influence in the sequential dictator game},
  author={Cason, Timothy N and Mui, Vai-Lam},
  journal={Journal of Mathematical Psychology},
  volume={42},
  number={2},
  pages={248--265},
  year={1998},
  publisher={Elsevier}
}

@article{rapoport1996ultimatums,
  title={Ultimatums in two-person bargaining with one-sided uncertainty: Offer games},
  author={Rapoport, Amnon and Sundali, James A},
  journal={International Journal of Game Theory},
  volume={25},
  number={4},
  pages={475--494},
  year={1996},
  publisher={Springer}
}

@article{mitzkewitz1993experimental,
  title={Experimental results on ultimatum games with incomplete information},
  author={Mitzkewitz, Michael and Nagel, Rosemarie},
  journal={International Journal of Game Theory},
  volume={22},
  number={2},
  pages={171--198},
  year={1993},
  publisher={Springer}
}





%Azaria papers:

@inproceedings{AzariaRKG11,
  author    = {Amos  Azaria and
               Zinovi Rabinovich and
               Sarit Kraus and
               Claudia V. Goldman},
  title     = {Strategic Information Disclosure to People with Multiple
               Alternatives},
  booktitle = {AAAI},
  year      = {2011},
  pages = {594--600}
}



@inproceedings{AzariaRKGT12,
Title={Giving Advice to People in Path Selection Problems},
Author={Amos Azaria and Zinovi Rabinovich and Sarit Kraus and Claudia V. Goldman and Omer Tsimhoni},
Booktitle={AAMAS},
Year={2012},
pages = {459--466}
}

@article{RosenfeldZAK12,
Title={Combining Psychological Models with Machine Learning to Better Predict People's Decisions},
Author={Avi Rosenfend and Inon Zukerman and Amos Azaria and Sarit Kraus},
Booktitle={SYNT},
Year={2012}}

@inproceedings{azaria2013movie,
  title={Movie recommender system for profit maximization},
  author={Azaria, Amos and Hassidim, Avinatan and Kraus, Sarit and Eshkol, Adi and Weintraub, Ofer and Netanely, Irit},
  booktitle={RecSys},
  pages={121--128},
  year={2013},
  organization={ACM}
}

@inproceedings{alkoby2017benefit,
  title={The Benefit in Free Information Disclosure When Selling Information to People.},
  author={Alkoby, Shani and Sarne, David},
  booktitle={AAAI},
  pages={985--992},
  year={2017}
}

@inproceedings{AzariaRKGG12,
Title={Strategic Advice Provision in Repeated Human-Agent Interactions},
Author={Azaria, Amos and Rabinovich, Zinovi and Kraus, Sarit and Goldman, Claudia V and Gal, Ya'akov},
Booktitle={IJCAI},
Year={2012}}


@inproceedings{AzariaAK12,
Title={Automated Strategies for Determining Rewards for HumanWork},
Author={Amos Azaria and Yonatan Aumann and Sarit Kraus},
Booktitle={AAAI},
Year={2012}}

@inproceedings{azaria2014cultures,
  title={Automated agents' behavior in the trust-revenge game incomparison to other cultures},
  author={Azaria, Amos and Richardson, Ariella and Elmalech, Avshalom and Rosenfeld, Avi},
  booktitle={AAMAS},
  pages={1389--1390},
  year={2014}
}


@article{repeated15,
year={2015},
issn={1387-2532},
journal={Autonomous Agents and Multi-Agent Systems},
title={Strategic advice provision in repeated human-agent interactions},
publisher={Springer US},
keywords={Human-agent interaction; Advice provision; Human-computer decision-making; Human modeling},
author={Azaria, Amos and Gal, Ya‚Äôakov and Kraus, Sarit and Goldman, ClaudiaV.},
pages={1-26}
}


@article{fagnant14,
title = "The travel and environmental implications of shared autonomous vehicles, using agent-based model scenarios",
journal = "Transportation Research Part C: Emerging Technologies",
volume = "40",
number = "Supplement C",
pages = "1 - 13",
year = "2014",
author = "Daniel J. Fagnant and Kara M. Kockelman"
}

@article{fagnant15,
title = "Preparing a nation for autonomous vehicles: opportunities, barriers and policy recommendations",
journal = "Transportation Research Part A: Policy and Practice",
volume = "77",
number = "Supplement C",
pages = "167 - 181",
year = "2015",
author = "Daniel J. Fagnant and Kara Kockelman"
}

@article{guerra16,
author = {Erick Guerra},
title ={Planning for Cars That Drive Themselves: Metropolitan Planning Organizations, Regional Transportation Plans, and Autonomous Vehicles},
journal = {Journal of Planning Education and Research},
volume = {36},
number = {2},
pages = {210-224},
year = {2016}
}

@article{litman2014autonomous,
  title={Autonomous vehicle implementation predictions},
  author={Litman, Todd},
  journal={Victoria Transport Policy Institute},
  volume={28},
  year={2014}
}

@article{shen2016dynamic,
  title={Dynamic ridesharing},
  author={Shen, Bilong and Huang, Yan and Zhao, Ying},
  journal={SIGSPATIAL Special},
  volume={7},
  number={3},
  pages={3--10},
  year={2016}
}

@article{secomandi2000comparing,
  title={Comparing neuro-dynamic programming algorithms for the vehicle routing problem with stochastic demands},
  author={Secomandi, Nicola},
  journal={Computers \& Operations Research},
  volume={27},
  number={11},
  pages={1201--1225},
  year={2000}
}

@article{secomandi2009reoptimization,
  title={Reoptimization approaches for the vehicle-routing problem with stochastic demands},
  author={Secomandi, Nicola and Margot, Fran{\c{c}}ois},
  journal={Operations research},
  volume={57},
  number={1},
  pages={214--230},
  year={2009}
}

@article{diana2006model,
  title={A model for the fleet sizing of demand responsive transportation services with time windows},
  author={Diana, Marco and Dessouky, Maged M and Xia, Nan},
  journal={Transportation Research Part B: Methodological},
  volume={40},
  number={8},
  pages={651--666},
  year={2006}
}

@article{campbell2005decision,
  title={Decision support for consumer direct grocery initiatives},
  author={Campbell, Ann Melissa and Savelsbergh, Martin WP},
  journal={Transportation Science},
  volume={39},
  number={3},
  pages={313--327},
  year={2005}
}

@article{parragh2014dial,
  title={The dial-a-ride problem with split requests and profits},
  author={Parragh, Sophie N and Pinho de Sousa, Jorge and Almada-Lobo, Bernardo},
  journal={Transportation Science},
  volume={49},
  number={2},
  pages={311--334},
  year={2014}
}

@article{jaw1986heuristic,
  title={A heuristic algorithm for the multi-vehicle advance request dial-a-ride problem with time windows},
  author={Jaw, Jang-Jei and Odoni, Amedeo R and Psaraftis, Harilaos N and Wilson, Nigel HM},
  journal={Transportation Research Part B: Methodological},
  volume={20},
  number={3},
  pages={243--257},
  year={1986}
}

@article{el2010vehicle,
  title={Vehicle routing with time windows: An overview of exact, heuristic and metaheuristic methods},
  author={El-Sherbeny, Nasser A},
  journal={Journal of King Saud University-Science},
  volume={22},
  number={3},
  pages={123--131},
  year={2010}
}

@article{paquette2009quality,
  title={Quality of service in dial-a-ride operations},
  author={Paquette, Julie and Cordeau, Jean-Fran{\c{c}}ois and Laporte, Gilbert},
  journal={Computers \& Industrial Engineering},
  volume={56},
  number={4},
  pages={1721--1734},
  year={2009}
}


@article{psaraftis1980dynamic,
  title={A dynamic programming solution to the single vehicle many-to-many immediate request dial-a-ride problem},
  author={Psaraftis, Harilaos N},
  journal={Transportation Science},
  volume={14},
  number={2},
  pages={130--154},
  year={1980}
}

@article{fu1999line,
  title={On-Line and Off-Line Routing and Scheduling of Dial-a-Ride Paratransit Vehicles},
  author={Fu, Liping and Teply, Stan},
  journal={Computer-Aided Civil and Infrastructure Engineering},
  volume={14},
  number={5},
  pages={309--319},
  year={1999}
}

@article{yang2013multi,
  title={Multi-Objective Distribution Model and Algorithm for Online Shopping Express Logistics.},
  author={Yang, Jianjie and Li, Jin and Chen, Yun and Liu, Xintong and others},
  journal={JCP},
  volume={8},
  number={10},
  pages={2558--2564},
  year={2013}
}

@article{cordeau2006branch,
  title={A branch-and-cut algorithm for the dial-a-ride problem},
  author={Cordeau, Jean-Fran{\c{c}}ois},
  journal={Operations Research},
  volume={54},
  number={3},
  pages={573--586},
  year={2006}
}

@article{parragh2012models,
  title={Models and algorithms for the heterogeneous dial-a-ride problem with driver-related constraints},
  author={Parragh, Sophie N and Cordeau, Jean-Fran{\c{c}}ois and Doerner, Karl F and Hartl, Richard F},
  journal={OR spectrum},
  volume={34},
  number={3},
  pages={593--633},
  year={2012}
}

@article{desrosiers1986dynamic,
  title={A dynamic programming solution of the large-scale single-vehicle dial-a-ride problem with time windows},
  author={Desrosiers, Jacques and Dumas, Yvan and Soumis, Fran{\c{c}}ois},
  journal={American Journal of Mathematical and Management Sciences},
  volume={6},
  number={3-4},
  pages={301--325},
  year={1986}
}

@article{lehuede2014multi,
  title={A multi-criteria large neighbourhood search for the transportation of disabled people},
  author={Lehu{\'e}d{\'e}, Fabien and Masson, Renaud and Parragh, Sophie N and P{\'e}ton, Olivier and Tricoire, Fabien},
  journal={Journal of the Operational Research Society},
  volume={65},
  number={7},
  pages={983--1000},
  year={2014}
}

@article{schilde2011metaheuristics,
  title={Metaheuristics for the dynamic stochastic dial-a-ride problem with expected return transports},
  author={Schilde, Michael and Doerner, Karl F and Hartl, Richard F},
  journal={Computers \& operations research},
  volume={38},
  number={12},
  pages={1719--1730},
  year={2011}
}

@article{parragh2009heuristic,
  title={A heuristic two-phase solution approach for the multi-objective dial-a-ride problem},
  author={Parragh, Sophie N and Doerner, Karl F and Hartl, Richard F and Gandibleux, Xavier},
  journal={Networks},
  volume={54},
  number={4},
  pages={227--242},
  year={2009}
}

@article{molenbruch2017multi,
  title={Multi-directional local search for a bi-objective dial-a-ride problem in patient transportation},
  author={Molenbruch, Yves and Braekers, Kris and Caris, An and Berghe, Greet Vanden},
  journal={Computers \& Operations Research},
  volume={77},
  pages={58--71},
  year={2017}
}

@article{baugh1998intractability,
  title={Intractability of the dial-a-ride problem and a multiobjective solution using simulated annealing},
  author={Baugh Jr, John W and Kakivaya, Gopala Krishna Reddy and Stone, John R},
  journal={Engineering Optimization},
  volume={30},
  number={2},
  pages={91--123},
  year={1998}
}

@article{elhassania2013new,
  title={A new hybrid algorithm to solve the vehicle routing problem in the dynamic environment},
  author={Elhassania, MJ and Jaouad, Boukachour and Ahmed, E Alaoui},
  journal={International Journal of Soft Computing},
  volume={8},
  number={5},
  pages={327--334},
  year={2013}
}

@article{rekiek2006handicapped,
  title={Handicapped person transportation: An application of the grouping genetic algorithm},
  author={Rekiek, Brahim and Delchambre, Alain and Saleh, Hussain Aziz},
  journal={Engineering Applications of Artificial Intelligence},
  volume={19},
  number={5},
  pages={511--520},
  year={2006}
}

@article{parragh2010variable,
  title={Variable neighborhood search for the dial-a-ride problem},
  author={Parragh, Sophie N and Doerner, Karl F and Hartl, Richard F},
  journal={Computers \& Operations Research},
  volume={37},
  number={6},
  pages={1129--1138},
  year={2010}
}

@article{schrimpf2000record,
  title={Record breaking optimization results using the ruin and recreate principle},
  author={Schrimpf, Gerhard and Schneider, Johannes and Stamm-Wilbrandt, Hermann and Dueck, Gunter},
  journal={Journal of Computational Physics},
  volume={159},
  number={2},
  pages={139--171},
  year={2000}
}

@article{archetti2014survey,
  title={A survey on matheuristics for routing problems},
  author={Archetti, Claudia and Speranza, M Grazia},
  journal={EURO Journal on Computational Optimization},
  volume={2},
  number={4},
  pages={223--246},
  year={2014}
}

@inproceedings{cici2013quantifying,
  title={Quantifying the potential of ride-sharing using call description records},
  author={Cici, Blerim and Markopoulou, Athina and Fr{\'\i}as-Mart{\'\i}nez, Enrique and Laoutaris, Nikolaos},
  booktitle={Proceedings of the 14th Workshop on Mobile Computing Systems and Applications},
  pages={17},
  year={2013}
}

@article{agatz2012optimization,
  title={Optimization for dynamic ride-sharing: A review},
  author={Agatz, Niels and Erera, Alan and Savelsbergh, Martin and Wang, Xing},
  journal={European Journal of Operational Research},
  volume={223},
  number={2},
  pages={295--303},
  year={2012}
}

@article{furuhata2013ridesharing,
  title={Ridesharing: The state-of-the-art and future directions},
  author={Furuhata, Masabumi and Dessouky, Maged and Ord{\'o}{\~n}ez, Fernando and Brunet, Marc-Etienne and Wang, Xiaoqing and Koenig, Sven},
  journal={Transportation Research Part B: Methodological},
  volume={57},
  pages={28--46},
  year={2013}
}

@inproceedings{ma2013t,
  title={T-share: A large-scale dynamic taxi ridesharing service},
  author={Ma, Shuo and Zheng, Yu and Wolfson, Ouri},
  booktitle={Data Engineering (ICDE), 2013 IEEE 29th International Conference on},
  pages={410--421},
  year={2013}
}

@article{ma2015real,
  title={Real-time city-scale taxi ridesharing},
  author={Ma, Shuo and Zheng, Yu and Wolfson, Ouri},
  journal={IEEE Transactions on Knowledge and Data Engineering},
  volume={27},
  number={7},
  pages={1782--1795},
  year={2015}
}

@inproceedings{yuan2011driving,
  title={Driving with knowledge from the physical world},
  author={Yuan, Jing and Zheng, Yu and Xie, Xing and Sun, Guangzhong},
  booktitle={Proceedings of the 17th ACM SIGKDD international conference on Knowledge discovery and data mining},
  pages={316--324},
  year={2011}
}

@inproceedings{zheng2008understanding,
  title={Understanding mobility based on GPS data},
  author={Zheng, Yu and Li, Quannan and Chen, Yukun and Xie, Xing and Ma, Wei-Ying},
  booktitle={Proceedings of the 10th international conference on Ubiquitous computing},
  pages={312--321},
  year={2008}
}

@inproceedings{zheng2009mining,
  title={Mining interesting locations and travel sequences from GPS trajectories},
  author={Zheng, Yu and Zhang, Lizhu and Xie, Xing and Ma, Wei-Ying},
  booktitle={Proceedings of the 18th international conference on World wide web},
  pages={791--800},
  year={2009}
}

@inproceedings{odom2007senior,
  title={Senior travel buddies: sustainable ride-sharing \& socialization},
  author={Odom, Will and Jensen, Scott and Li, Meng},
  booktitle={CHI'07 Extended Abstracts on Human Factors in Computing Systems},
  pages={2079--2084},
  year={2007}
}

@article{fishburn1983fixed,
  title={Fixed-route cost allocation},
  author={Fishburn, PC and Pollak, HO},
  journal={The American Mathematical Monthly},
  volume={90},
  number={6},
  pages={366--378},
  year={1983}
}

@Article{Dijkstra1959,
author="Dijkstra, E. W.",
title="A note on two problems in connexion with graphs",
journal="Numerische Mathematik",
year="1959",
volume="1",
number="1",
pages="269--271"
}

@article{Floyd1962,
 author = {Floyd, Robert W.},
 title = {Algorithm 97: Shortest Path},
 journal = {Communications of the ACM},
 volume = {5},
 number = {6},
 year = {1962},
 pages = {345}
}

@article{Warshall1962,
 author = {Warshall, Stephen},
 title = {A Theorem on Boolean Matrices},
 journal = {Journal of the ACM},
 volume = {9},
 number = {1},
 year = {1962},
 pages = {11--12}
}

@article{Agatz2011satisfaction,
author = {Agatz, Niels and Campbell, Ann and Fleischmann, Moritz and Savelsbergh, Martin},
title = {Time Slot Management in Attended Home Delivery},
journal = {Transportation Science},
volume = {45},
number = {3},
pages = {435-449},
year = {2011}
}

@article{johnson1997traveling,
  title={The traveling salesman problem: A case study in local optimization},
  author={Johnson, David S and McGeoch, Lyle A},
  journal={Local search in combinatorial optimization},
  volume={1},
  number={1},
  pages={215--310},
  year={1997}
}

@inproceedings{core2006building,
 author = {Core, Mark G. and Lane, H. Chad and van Lent, Michael and Gomboc, Dave and Solomon, Steve and Rosenberg, Milton},
 title = {Building Explainable Artificial Intelligence Systems},
 booktitle = {Proceedings of the 18th Conference on Innovative Applications of Artificial Intelligence},
 year = {2006},
 pages = {1766--1773}
}

@article{carvalho2019machine,
  title={{ML} Interpretability: A Survey on Methods and Metrics},
  author={Carvalho, Diogo V and Pereira, Eduardo M and Cardoso, Jaime S},
  journal={Electronics},
  volume={8},
  number={8},
  pages={832},
  year={2019}
 }
 
 @article{bradley2009dealing,
  title={Dealing with service failures: The use of explanations},
  author={Bradley, Graham L and Sparks, Beverley A},
  journal={Journal of Travel \& Tourism Marketing},
  volume={26},
  number={2},
  pages={129--143},
  year={2009},
  publisher={Taylor \& Francis}
}