@book{norman1986user,
  title={User centered system design: New perspectives on human-computer interaction},
  author={Norman, Donald A and Draper, Stephen W},
  year={1986},
  publisher={CRC Press}
}

@article{rosenfeld2019explainability,
  title={Explainability in human--agent systems},
  author={Rosenfeld, Avi and Richardson, Ariella},
  journal={Autonomous Agents and Multi-Agent Systems},
  pages={1--33},
  year={2019},
  publisher={Springer}
}
@article{gal2010agent,
  title={Agent decision-making in open mixed networks},
  author={Gal, Ya'akov and Grosz, Barbara and Kraus, Sarit and Pfeffer, Avi and Shieber, Stuart},
  journal={Artificial Intelligence},
  volume={174},
  number={18},
  pages={1460--1480},
  year={2010},
  publisher={Elsevier}
}
@inproceedings{doshi2017roadmap,
  title={Towards A Rigorous Science of Interpretable Machine Learning},
  author={Doshi-Velez, Finale and Kim, Been},
  booktitle={eprint arXiv:1702.08608},
  year={2017}
}


@inproceedings{wu2018beyond,
  title={Beyond sparsity: Tree regularization of deep models for interpretability},
  author={Wu, Mike and Hughes, Michael C and Parbhoo, Sonali and Zazzi, Maurizio and Roth, Volker and Doshi-Velez, Finale},
  booktitle={Thirty-Second AAAI Conference on Artificial Intelligence},
  year={2018}
}

@inproceedings{lage2018human,
  title={Human-in-the-loop interpretability prior},
  author={Lage, Isaac and Ross, Andrew and Gershman, Samuel J and Kim, Been and Doshi-Velez, Finale},
  booktitle={Advances in Neural Information Processing Systems},
  pages={10159--10168},
  year={2018}
}


@article{goodman2017european,
  title={European Union regulations on algorithmic decision-making and a “right to explanation”},
  author={Goodman, Bryce and Flaxman, Seth},
  journal={AI Magazine},
  volume={38},
  number={3},
  pages={50--57},
  year={2017}
}


@inproceedings{anderson2013steering,
  title={Steering user behavior with badges},
  author={Anderson, Ashton and Huttenlocher, Daniel and Kleinberg, Jon and Leskovec, Jure},
  booktitle={Proceedings of the 22nd international conference on World Wide Web},
  pages={95--106},
  year={2013},
  organization={ACM}
}

@inproceedings{yanovsky2019one,
  title={One Size Does Not Fit All: Badge Behavior in Q\&A Sites},
  author={Yanovsky, Stav and Hoernle, Nicholas and Lev, Omer and Gal, Kobi},
  booktitle={Proceedings of the 27th ACM Conference on User Modeling, Adaptation and Personalization},
  pages={113--120},
  year={2019},
  organization={ACM}
}

@inproceedings{chang2009reading,
  title={Reading tea leaves: How humans interpret topic models},
  author={Chang, Jonathan and Gerrish, Sean and Wang, Chong and Boyd-Graber, Jordan L and Blei, David M},
  booktitle={Advances in neural information processing systems},
  pages={288--296},
  year={2009}
}


@inproceedings{hoernle2018modeling,
  title={Modeling the Effects of Students' Interactions with Immersive Simulations Using Markov Switching Systems.},
  author={Hoernle, Nicholas and Gal, Kobi and Grosz, Barbara and Protopapas, Pavlos and Rubin, Andee},
  booktitle={Educational Data Mining (EDM), Buffalo, USA, July 2018},
  year={2018}
}

@inproceedings{fox2008hdp,
  title={An HDP-HMM for systems with state persistence},
  author={Fox, Emily B and Sudderth, Erik B and Jordan, Michael I and Willsky, Alan S},
  booktitle={Proceedings of the 25th international conference on Machine learning},
  pages={312--319},
  year={2008},
  organization={ACM}
}

@article{johnson2013bayesian,
  title={Bayesian nonparametric hidden semi-Markov models},
  author={Johnson, Matthew J and Willsky, Alan S},
  journal={Journal of Machine Learning Research},
  volume={14},
  number={Feb},
  pages={673--701},
  year={2013}
}

@article{blei2003latent,
  title={Latent dirichlet allocation},
  author={Blei, David M and Ng, Andrew Y and Jordan, Michael I},
  journal={Journal of machine Learning research},
  volume={3},
  number={Jan},
  pages={993--1022},
  year={2003}
}

@article{deerwester1990indexing,
  title={Indexing by latent semantic analysis},
  author={Deerwester, Scott and Dumais, Susan T and Furnas, George W and Landauer, Thomas K and Harshman, Richard},
  journal={Journal of the American society for information science},
  volume={41},
  number={6},
  pages={391--407},
  year={1990},
  publisher={Wiley Online Library}
}

@article{papadimitriou2000latent,
  title={Latent semantic indexing: A probabilistic analysis},
  author={Papadimitriou, Christos H and Raghavan, Prabhakar and Tamaki, Hisao and Vempala, Santosh},
  journal={Journal of Computer and System Sciences},
  volume={61},
  number={2},
  pages={217--235},
  year={2000},
  publisher={Elsevier}
}

@inproceedings{hoffman2010online,
  title={Online learning for latent dirichlet allocation},
  author={Hoffman, Matthew and Bach, Francis R and Blei, David M},
  booktitle={advances in neural information processing systems},
  pages={856--864},
  year={2010}
}

@inproceedings{gruber2007hidden,
  title={Hidden topic markov models},
  author={Gruber, Amit and Weiss, Yair and Rosen-Zvi, Michal},
  booktitle={Artificial intelligence and statistics},
  pages={163--170},
  year={2007}
}

@inproceedings{teh2005sharing,
  title={Sharing clusters among related groups: Hierarchical Dirichlet processes},
  author={Teh, Yee W and Jordan, Michael I and Beal, Matthew J and Blei, David M},
  booktitle={Advances in neural information processing systems},
  pages={1385--1392},
  year={2005}
}

@article{blei2006correlated,
  title={Correlated topic models},
  author={Blei, David and Lafferty, John},
  journal={Advances in neural information processing systems},
  volume={18},
  pages={147},
  year={2006},
  publisher={Citeseer}
}

@inproceedings{hofmann1999probabilistic,
  title={Probabilistic latent semantic analysis},
  author={Hofmann, Thomas},
  booktitle={Proceedings of the Fifteenth conference on Uncertainty in artificial intelligence},
  pages={289--296},
  year={1999},
  organization={Morgan Kaufmann Publishers Inc.}
}

@inproceedings{krestel2009latent,
  title={Latent dirichlet allocation for tag recommendation},
  author={Krestel, Ralf and Fankhauser, Peter and Nejdl, Wolfgang},
  booktitle={Proceedings of the third ACM conference on Recommender systems},
  pages={61--68},
  year={2009},
  organization={ACM}
}


@article{motz2018finding,
  title={Finding Topics in Enrollment Data.},
  author={Motz, Benjamin and Busey, Thomas and Rickert, Martin and Landy, David},
  journal={International Educational Data Mining Society},
  year={2018},
  publisher={ERIC}
}

@inproceedings{ipeirotis2014quizz,
	title={Quizz: targeted crowdsourcing with a billion (potential) users},
	author={Ipeirotis, Panagiotis G and Gabrilovich, Evgeniy},
	booktitle={Proceedings of the 23rd international conference on World wide web},
	pages={143--154},
	year={2014},
	organization={ACM}
}
	
	
@inproceedings{simpson2014zooniverse,
	title={Zooniverse: observing the world's largest citizen science platform},
	author={Simpson, Robert and Page, Kevin R and De Roure, David},
	booktitle={Proceedings of the 23rd international conference on world wide web},
	pages={1049--1054},
	year={2014},
	organization={ACM}
}

@article{seaborn2015gamification,
	title={Gamification in theory and action: A survey},
	author={Seaborn, Katie and Fels, Deborah I},
	journal={International Journal of Human-Computer Studies},
	volume={74},
	pages={14--31},
	year={2015},
	publisher={Elsevier}
}

@inproceedings{Cavusoglu,
    author = {Cavusoglu, Huseyin and Li, Zhuolun and Huang, Ke-Wei},
    title = {Can Gamification Motivate Voluntary Contributions?: The Case of StackOverflow Q\&A Community},
    booktitle = {Proceedings of the 18th ACM Conference Companion on Computer Supported Cooperative Work \&\#38; Social Computing},
    series = {CSCW'15 Companion},
    year = {2015},
    isbn = {978-1-4503-2946-0},
    location = {Vancouver, BC, Canada},
    pages = {171--174},
    numpages = {4},
    url = {http://doi.acm.org/10.1145/2685553.2698999},
    doi = {10.1145/2685553.2698999},
    acmid = {2698999},
    publisher = {ACM},
    address = {New York, NY, USA},
    keywords = {badges, gamification, motivation theories, online communities, q\&\#38;a sites, voluntary contribution},
}


@inproceedings{anderson2014engaging,
	title={Engaging with massive online courses},
	author={Anderson, Ashton and Huttenlocher, Daniel and Kleinberg, Jon and Leskovec, Jure},
	booktitle={Proceedings of the 23rd international conference on World wide web},
	pages={687--698},
	year={2014},
	organization={ACM}
}

@inproceedings{immorlicaSS15,
  author    = {Nicole Immorlica and Gregory Stoddard and Vasilis Syrgkanis},
  title     = {Social Status and Badge Design},
  booktitle = {Proceedings of the 24th International Conference on World Wide Web, {WWW} 2015, Florence, Italy, May 18-22, 2015},
  pages     = {473--483},
  year      = {2015}
}

@article{kivetz2006goal,
  title={The goal-gradient hypothesis resurrected: Purchase acceleration, illusionary goal progress, and customer retention},
  author={Kivetz, Ran and Urminsky, Oleg and Zheng, Yuhuang},
  journal={Journal of Marketing Research},
  volume={43},
  number={1},
  pages={39--58},
  year={2006},
  publisher={SAGE Publications Sage CA: Los Angeles, CA}
}

@article{mutter2014behavioral,
  title={Behavioral mechanisms prompted by badges: The goal-gradient hypothesis},
  author={Mutter, Tobias and Kundisch, Dennis},
  year={2014}
}


@article{khodadadi2018continuous,
  title={Continuous-Time User Modeling in Presence of Badges: A Probabilistic Approach},
  author={Khodadadi, Ali and Hosseini, Seyed Abbas and Tavakoli, Erfan and Rabiee, Hamid R},
  journal={ACM Transactions on Knowledge Discovery from Data (TKDD)},
  volume={12},
  number={3},
  pages={37},
  year={2018},
  publisher={ACM}
}


@book{daley2007introduction,
  title={An introduction to the theory of point processes: volume II: general theory and structure},
  author={Daley, Daryl J and Vere-Jones, David},
  year={2007},
  publisher={Springer Science \& Business Media}
}


@inproceedings{kusmierczyk2018causal,
  title={On the Causal Effect of Badges},
  author={Kusmierczyk, Tomasz and Gomez-Rodriguez, Manuel},
  booktitle={Proceedings of the 2018 World Wide Web Conference},
  pages={659--668},
  year={2018},
  organization={International World Wide Web Conferences Steering Committee}
}

@inproceedings{conati2018aiedneeds,
    author = {Conati, Cristina and Porayska-Pomsta, KK and Mavrikis, Manolis}, 
    year = {2018},
    month = {07},
    pages = {},
    title = {AI in Education needs interpretable machine learning: Lessons from Open Learner Modelling}, 
    booktitle = {Third Annual Workshop on Human Interpretability in Machine Learning (WHI 2018), 14 July 2018 Stockholm, Sweden, Volume: 3},
}

@inproceedings{rosenfeld2016strategical,
  title={Strategical argumentative agent for human persuasion},
  author={Rosenfeld, Ariel and Kraus, Sarit},
  booktitle={Proceedings of the Twenty-second European Conference on Artificial Intelligence},
  pages={320--328},
  year={2016},
  organization={IOS Press}
}

@inproceedings{azaria2014agent,
  title={An agent for the prospect presentation problem},
  author={Azaria, Amos and Richardson, Ariella and Kraus, Sarit},
  booktitle={Proceedings of the 2014 international conference on Autonomous agents and multi-agent systems},
  pages={989--996},
  year={2014},
  organization={International Foundation for Autonomous Agents and Multiagent Systems}
}


@inproceedings{kizilcec2013deconstructing,
  title={Deconstructing disengagement: analyzing learner subpopulations in massive open online courses},
  author={Kizilcec, Ren{\'e} F and Piech, Chris and Schneider, Emily},
  booktitle={Proceedings of the third international conference on learning analytics and knowledge},
  pages={170--179},
  year={2013},
  organization={ACM}
}

@article{evans2018learning,
  title={Learning explanatory rules from noisy data},
  author={Evans, Richard and Grefenstette, Edward},
  journal={Journal of Artificial Intelligence Research},
  volume={61},
  number={1},
  pages={1--64},
  year={2018},
  publisher={AI Access Foundation}
}

@inproceedings{alcorn2019strike,
  title={Strike (with) a pose: Neural networks are easily fooled by strange poses of familiar objects},
  author={Alcorn, Michael A and Li, Qi and Gong, Zhitao and Wang, Chengfei and Mai, Long and Ku, Wei-Shinn and Nguyen, Anh},
  booktitle={Proceedings of the IEEE Conference on Computer Vision and Pattern Recognition},
  pages={4845--4854},
  year={2019}
}

@book{hafner2018incentives,
  title={Incentives and Physical Activity: An Assessment of the Association Between Vitality's ActiveRewards with Apple Watch Benefit and Sustained Physical Activity Improvements},
  author={Hafner, Marco and Pollard, Jack and van Stolk, Christian},
  year={2018},
  publisher={RAND}
}

@phdthesis{fox2009bayesian,
  title={Bayesian nonparametric learning of complex dynamical phenomena},
  author={Fox, Emily Beth},
  year={2009},
  school={Massachusetts Institute of Technology}
}


@inproceedings{beal2002infinite,
  title={The infinite hidden Markov model},
  author={Beal, Matthew J and Ghahramani, Zoubin and Rasmussen, Carl E},
  booktitle={Advances in neural information processing systems},
  pages={577--584},
  year={2002}
}

@incollection{wooters2007icsi,
  title={The ICSI RT07s speaker diarization system},
  author={Wooters, Chuck and Huijbregts, Marijn},
  booktitle={Multimodal Technologies for Perception of Humans},
  pages={509--519},
  year={2007},
  publisher={Springer}
}

@article{teh2010hierarchical,
  title={Hierarchical Bayesian nonparametric models with applications},
  author={Teh, Yee Whye and Jordan, Michael I},
  journal={Bayesian nonparametrics},
  volume={1},
  pages={158--207},
  year={2010},
  publisher={Camb. Ser. Stat. Probab. Math}
}


@inproceedings{ishiguro2010dynamic,
  title={Dynamic infinite relational model for time-varying relational data analysis},
  author={Ishiguro, Katsuhiko and Iwata, Tomoharu and Ueda, Naonori and Tenenbaum, Joshua B},
  booktitle={Advances in Neural Information Processing Systems},
  pages={919--927},
  year={2010}
}

@inproceedings{goldwater2006contextual,
  title={Contextual dependencies in unsupervised word segmentation},
  author={Goldwater, Sharon and Griffiths, Thomas L and Johnson, Mark},
  booktitle={Proceedings of the 21st International Conference on Computational Linguistics and the 44th annual meeting of the Association for Computational Linguistics},
  pages={673--680},
  year={2006},
  organization={Association for Computational Linguistics}
}


@article{zoha2012non,
  title={Non-intrusive load monitoring approaches for disaggregated energy sensing: A survey},
  author={Zoha, Ahmed and Gluhak, Alexander and Imran, Muhammad and Rajasegarar, Sutharshan},
  journal={Sensors},
  volume={12},
  number={12},
  pages={16838--16866},
  year={2012},
  publisher={Multidisciplinary Digital Publishing Institute}
}


@article{fox2010bayesian,
  title={Bayesian nonparametric methods for learning Markov switching processes},
  author={Fox, Emily B and Sudderth, Erik B and Jordan, Michael I and Willsky, Alan S},
  journal={IEEE Signal Processing Magazine},
  volume={27},
  number={6},
  pages={43--54},
  year={2010},
  publisher={IEEE}
}


@inproceedings{fox2009nonparametric,
  title={Nonparametric Bayesian learning of switching linear dynamical systems},
  author={Fox, Emily and Sudderth, Erik B and Jordan, Michael I and Willsky, Alan S},
  booktitle={Advances in Neural Information Processing Systems},
  pages={457--464},
  year={2009}
}


@inproceedings{fox2007hierarchical,
  title={Hierarchical Dirichlet processes for tracking maneuvering targets},
  author={Fox, Emily B and Sudderth, Erik B and Willsky, Alan S},
  booktitle={Information Fusion, 2007 10th International Conference on},
  pages={1--8},
  year={2007},
  organization={IEEE}
}


@article{ferguson1973bayesian,
  title={A Bayesian analysis of some nonparametric problems},
  author={Ferguson, Thomas S},
  journal={The annals of statistics},
  pages={209--230},
  year={1973},
  publisher={JSTOR}
}


@article{neal2000markov,
  title={Markov chain sampling methods for Dirichlet process mixture models},
  author={Neal, Radford M},
  journal={Journal of computational and graphical statistics},
  volume={9},
  number={2},
  pages={249--265},
  year={2000},
  publisher={Taylor \& Francis Group}
}


@article{gershman2012tutorial,
  title={A tutorial on Bayesian nonparametric models},
  author={Gershman, Samuel J and Blei, David M},
  journal={Journal of Mathematical Psychology},
  volume={56},
  number={1},
  pages={1--12},
  year={2012},
  publisher={Elsevier}
}

@article{blei2006variational,
  title={Variational inference for Dirichlet process mixtures},
  author={Blei, David M and Jordan, Michael I and others},
  journal={Bayesian analysis},
  volume={1},
  number={1},
  pages={121--143},
  year={2006},
  publisher={International Society for Bayesian Analysis}
}

@article{kizilcec2017self,
  title={Self-regulated learning strategies predict learner behavior and goal attainment in Massive Open Online Courses},
  author={Kizilcec, Ren{\'e} F and P{\'e}rez-Sanagust{\'\i}n, Mar and Maldonado, Jorge J},
  journal={Computers \& education},
  volume={104},
  pages={18--33},
  year={2017},
  publisher={Elsevier}
}


@inproceedings{ribeiro2016should,
  title={Why should i trust you?: Explaining the predictions of any classifier},
  author={Ribeiro, Marco Tulio and Singh, Sameer and Guestrin, Carlos},
  booktitle={Proceedings of the 22nd ACM SIGKDD international conference on knowledge discovery and data mining},
  pages={1135--1144},
  year={2016},
  organization={ACM}
}

@inproceedings{choi2016retain,
  title={Retain: An interpretable predictive model for healthcare using reverse time attention mechanism},
  author={Choi, Edward and Bahadori, Mohammad Taha and Sun, Jimeng and Kulas, Joshua and Schuetz, Andy and Stewart, Walter},
  booktitle={Advances in Neural Information Processing Systems},
  pages={3504--3512},
  year={2016}
}


@article{samek2016evaluating,
  title={Evaluating the visualization of what a deep neural network has learned},
  author={Samek, Wojciech and Binder, Alexander and Montavon, Gr{\'e}goire and Lapuschkin, Sebastian and M{\"u}ller, Klaus-Robert},
  journal={IEEE transactions on neural networks and learning systems},
  volume={28},
  number={11},
  pages={2660--2673},
  year={2016},
  publisher={IEEE}
}


@article{park2016attentive,
  title={Attentive explanations: Justifying decisions and pointing to the evidence},
  author={Park, Dong Huk and Hendricks, Lisa Anne and Akata, Zeynep and Schiele, Bernt and Darrell, Trevor and Rohrbach, Marcus},
  journal={arXiv preprint arXiv:1612.04757},
  year={2016}
}


@inproceedings{binder2016layer,
  title={Layer-wise relevance propagation for neural networks with local renormalization layers},
  author={Binder, Alexander and Montavon, Gr{\'e}goire and Lapuschkin, Sebastian and M{\"u}ller, Klaus-Robert and Samek, Wojciech},
  booktitle={International Conference on Artificial Neural Networks},
  pages={63--71},
  year={2016},
  organization={Springer}
}


@article{pearl1986fusion,
  title={Fusion, propagation, and structuring in belief networks},
  author={Pearl, Judea},
  journal={Artificial intelligence},
  volume={29},
  number={3},
  pages={241--288},
  year={1986},
  publisher={Elsevier}
}


@book{koller2009probabilistic,
  title={Probabilistic graphical models: principles and techniques},
  author={Koller, Daphne and Friedman, Nir},
  year={2009},
  publisher={MIT press}
}

@phdthesis{johnson2014bayesian,
  title={Bayesian time series models and scalable inference},
  author={Johnson, Matthew James and others},
  year={2014},
  school={Massachusetts Institute of Technology}
}

@inproceedings{johnson2014stochastic,
    title={Stochastic Variational Inference for {B}ayesian Time Series Models},
    author={Johnson, Matthew J. and Willsky, Alan S.},
    booktitle={Proceedings of the 31st International Conference on Machine Learning (ICML-14)},
    pages={1854--1862},
    year={2014}
}


@article{kingma2013auto,
  title={Auto-encoding variational bayes},
  author={Kingma, Diederik P and Welling, Max},
  journal={arXiv preprint arXiv:1312.6114},
  year={2013}
}

@inproceedings{johnson2016svae,
  booktitle = {Neural Information Processing Systems},
  title = {Composing graphical models with neural networks for structured representations and fast inference},
  author = {Johnson, Matthew J and Duvenaud, David and Wiltschko, Alexander B and Datta, Sandeep R and Adams, Ryan P},
  year = {2016},
}


@article{kamar2016intervention,
  title={Intervention strategies for increasing engagement in crowdsourcing: Platform, predictions, and experiments},
  author={Kamar, Ece and Horvitz, Eric and Bowyer, Alex and Miller, Grant},
  year={2016}
}


@inproceedings{kizilcec2015attrition,
  title={Attrition and achievement gaps in online learning},
  author={Kizilcec, Ren{\'e} F and Halawa, Sherif},
  booktitle={Proceedings of the second (2015) ACM conference on learning@ scale},
  pages={57--66},
  year={2015},
  organization={ACM}
}

@article{tversky1974judgment,
  title={Judgment under uncertainty: Heuristics and biases},
  author={Tversky, Amos and Kahneman, Daniel},
  journal={science},
  volume={185},
  number={4157},
  pages={1124--1131},
  year={1974},
  publisher={American association for the advancement of science}
}

@book{thaler2009nudge,
  title={Nudge: Improving decisions about health, wealth, and happiness},
  author={Thaler, Richard H and Sunstein, Cass R},
  year={2009},
  publisher={Penguin}
}

@book{ariely2008predictably,
  title={Predictably irrational},
  author={Ariely, Dan},
  year={2008},
  publisher={Harper Audio}
}

@inproceedings{shilo2019detecting,
  title={Detecting Creativity in an Open Ended Geometry Environment},
  author={Shilo, Roi and Hoernle, Nicholas and Gal, Kobi},
  booktitle={Educational Data Mining (EDM), Montreal, Canada, July 2019},
  year={2019}
}

@inproceedings{smordal2012hybrid,
  title={Hybrid spaces for science learning: New demands and opportunities for research},
  author={Sm{\o}rdal, Ole and Slotta, Jim and Moher, Tom and Lui, Michelle and Jornet, Alfredo},
  booktitle={International Conference of the Learning Sciences. Sydney, Australia.},
  url={http://www.uv.uio.no/intermedia/english/research/projects/miracle/news/pdf/ICLS 2012 Symposium Hybrid\_Spaces. pdf},
  year={2012}
}

@inproceedings{ross2017right,
  title={Right for the right reasons: training differentiable models by constraining their explanations},
  author={Ross, Andrew Slavin and Hughes, Michael C and Doshi-Velez, Finale},
  booktitle={Proceedings of the 26th International Joint Conference on Artificial Intelligence},
  pages={2662--2670},
  year={2017},
  organization={AAAI Press}
}

@article{amir2013plan,
  title={Plan recognition and visualization in exploratory learning environments},
  author={Amir, Ofra and Gal, Ya’akov Kobi},
  journal={ACM Transactions on Interactive Intelligent Systems (TiiS)},
  volume={3},
  number={3},
  pages={16},
  year={2013},
  publisher={ACM}
}

@inproceedings{biran2017explanation,
  title={Explanation and justification in machine learning: A survey},
  author={Biran, Or and Cotton, Courtenay},
  booktitle={IJCAI-17 workshop on explainable AI (XAI)},
  volume={8},
  pages={1},
  year={2017}
}


@inproceedings{kleinerman2018providing,
  title={Providing explanations for recommendations in reciprocal environments},
  author={Kleinerman, Akiva and Rosenfeld, Ariel and Kraus, Sarit},
  booktitle={Proceedings of the 12th ACM conference on recommender systems},
  pages={22--30},
  year={2018},
  organization={ACM}
}

@inproceedings{langley2017explainable,
  title={Explainable agency for intelligent autonomous systems},
  author={Langley, Pat and Meadows, Ben and Sridharan, Mohan and Choi, Dongkyu},
  booktitle={Twenty-Ninth IAAI Conference},
  year={2017}
}


@inproceedings{salem2015would,
  title={Would you trust a (faulty) robot?: Effects of error, task type and personality on human-robot cooperation and trust},
  author={Salem, Maha and Lakatos, Gabriella and Amirabdollahian, Farshid and Dautenhahn, Kerstin},
  booktitle={Proceedings of the Tenth Annual ACM/IEEE International Conference on Human-Robot Interaction},
  pages={141--148},
  year={2015},
  organization={ACM}
}


@inproceedings{sheh2017did,
  title={" Why Did You Do That?" Explainable Intelligent Robots},
  author={Sheh, Raymond Ka-Man},
  booktitle={Workshops at the Thirty-First AAAI Conference on Artificial Intelligence},
  year={2017}
}


@article{vanlehn2011relative,
  title={The relative effectiveness of human tutoring, intelligent tutoring systems, and other tutoring systems},
  author={VanLehn, Kurt},
  journal={Educational Psychologist},
  volume={46},
  number={4},
  pages={197--221},
  year={2011},
  publisher={Taylor \& Francis}
}

@article{xiao2007commerce,
  title={E-commerce product recommendation agents: use, characteristics, and impact},
  author={Xiao, Bo and Benbasat, Izak},
  journal={MIS quarterly},
  volume={31},
  number={1},
  pages={137--209},
  year={2007},
  publisher={Society for Information Management and The Management Information Systems~…}
}

@inproceedings{ainsworth2018oi,
  title={oi-VAE: Output Interpretable VAEs for Nonlinear Group Factor Analysis},
  author={Ainsworth, Samuel K and Foti, Nicholas J and Lee, Adrian KC and Fox, Emily B},
  booktitle={International Conference on Machine Learning},
  pages={119--128},
  year={2018}
}

@article{yosinski2015understanding,
  title={Understanding neural networks through deep visualization},
  author={Yosinski, Jason and Clune, Jeff and Nguyen, Anh and Fuchs, Thomas and Lipson, Hod},
  journal={arXiv preprint arXiv:1506.06579},
  year={2015}
}


@inproceedings{quinn2011human,
  title={Human computation: a survey and taxonomy of a growing field},
  author={Quinn, Alexander J and Bederson, Benjamin B},
  booktitle={Proceedings of the SIGCHI conference on human factors in computing systems},
  pages={1403--1412},
  year={2011},
  organization={ACM}
}

@inproceedings{deterding2011gamification,
  title={Gamification. using game-design elements in non-gaming contexts},
  author={Deterding, Sebastian and Sicart, Miguel and Nacke, Lennart and O'Hara, Kenton and Dixon, Dan},
  booktitle={CHI'11 extended abstracts on human factors in computing systems},
  pages={2425--2428},
  year={2011},
  organization={ACM}
}

@article{hamari2015gamification,
  title={Gamification and economics},
  author={Hamari, Juho and Huotari, Kai and Tolvanen, Juha},
  journal={The gameful world: Approaches, issues, applications},
  volume={139},
  year={2015},
  publisher={MIT Press Cambridge, MA}
}

@inproceedings{segal2015improving,
  title={Improving productivity in citizen science through controlled intervention},
  author={Segal, Avi and Gal, Ya'akov Kobi and Simpson, Robert J and Victoria Homsy, Victoria and Hartswood, Mark and Page, Kevin R and Jirotka, Marina},
  booktitle={Proceedings of the 24th International Conference on World Wide Web},
  pages={331--337},
  year={2015},
  organization={ACM}
}

@article{pearl2010introduction,
  title={An introduction to causal inference},
  author={Pearl, Judea},
  journal={The international journal of biostatistics},
  volume={6},
  number={2},
  year={2010},
  publisher={De Gruyter}
}

@article{brodersen2015inferring,
  title={Inferring causal impact using Bayesian structural time-series models},
  author={Brodersen, Kay H and Gallusser, Fabian and Koehler, Jim and Remy, Nicolas and Scott, Steven L and others},
  journal={The Annals of Applied Statistics},
  volume={9},
  number={1},
  pages={247--274},
  year={2015},
  publisher={Institute of Mathematical Statistics}
}

@article{tank2018neural,
  title={Neural granger causality for nonlinear time series},
  author={Tank, Alex and Covert, Ian and Foti, Nicholas and Shojaie, Ali and Fox, Emily},
  journal={arXiv preprint arXiv:1802.05842},
  year={2018}
}

@article{eichler2013causal,
  title={Causal inference with multiple time series: principles and problems},
  author={Eichler, Michael},
  journal={Philosophical Transactions of the Royal Society A: Mathematical, Physical and Engineering Sciences},
  volume={371},
  number={1997},
  pages={20110613},
  year={2013},
  publisher={The Royal Society Publishing}
}

@inproceedings{ho2015incentivizing,
  title={Incentivizing high quality crowdwork},
  author={Ho, Chien-Ju and Slivkins, Aleksandrs and Suri, Siddharth and Vaughan, Jennifer Wortman},
  booktitle={Proceedings of the 24th International Conference on World Wide Web},
  pages={419--429},
  year={2015},
  organization={International World Wide Web Conferences Steering Committee}
}


@phdthesis{segal2018intelligentInterventions,
  title={Intelligent Intervention Design in Large Scale Task Systems},
  author={Segal, Avi},
  year={2018},
  school={Ben-Gurion University of the Negev}
}

@article{ling2005using,
  title={Using social psychology to motivate contributions to online communities},
  author={Ling, Kimberly and Beenen, Gerard and Ludford, Pamela and Wang, Xiaoqing and Chang, Klarissa and Li, Xin and Cosley, Dan and Frankowski, Dan and Terveen, Loren and Rashid, Al Mamunur and others},
  journal={Journal of Computer-Mediated Communication},
  volume={10},
  number={4},
  pages={00--00},
  year={2005},
  publisher={Wiley Online Library}
}

@inproceedings{rogstadius2011assessment,
  title={An assessment of intrinsic and extrinsic motivation on task performance in crowdsourcing markets},
  author={Rogstadius, Jakob and Kostakos, Vassilis and Kittur, Aniket and Smus, Boris and Laredo, Jim and Vukovic, Maja},
  booktitle={Fifth International AAAI Conference on Weblogs and Social Media},
  year={2011}
}

@inproceedings{savage2016botivist,
  title={Botivist: Calling volunteers to action using online bots},
  author={Savage, Saiph and Monroy-Hernandez, Andres and H{\"o}llerer, Tobias},
  booktitle={Proceedings of the 19th ACM Conference on Computer-Supported Cooperative Work \& Social Computing},
  pages={813--822},
  year={2016},
  organization={ACM}
}

@inproceedings{horvitz2003learning,
  title={Learning and reasoning about interruption},
  author={Horvitz, Eric and Apacible, Johnson},
  booktitle={Proceedings of the 5th international conference on Multimodal interfaces},
  pages={20--27},
  year={2003},
  organization={ACM}
}

@article{rodriguez2008flow,
  title={Flow experience among information and communication technology users},
  author={Rodriguez-Sanchez, Alma M and Schaufeli, Wilmar B and Salanova, Marisa and Cifre, Eva},
  journal={Psychological Reports},
  volume={102},
  number={1},
  pages={29--39},
  year={2008},
  publisher={SAGE Publications Sage CA: Los Angeles, CA}
}

@article{kamar2013modeling,
  title={Modeling information exchange opportunities for effective human--computer teamwork},
  author={Kamar, Ece and Gal, Kobi and Grosz, Barbara J},
  journal={Artificial Intelligence},
  volume={195},
  pages={528--550},
  year={2013},
  publisher={Elsevier}
}

@article{hoffman2013stochastic,
  title={Stochastic variational inference},
  author={Hoffman, Matthew D and Blei, David M and Wang, Chong and Paisley, John},
  journal={The Journal of Machine Learning Research},
  volume={14},
  number={1},
  pages={1303--1347},
  year={2013},
  publisher={JMLR. org}
}

@article{kucukelbir2017automatic,
  title={Automatic differentiation variational inference},
  author={Kucukelbir, Alp and Tran, Dustin and Ranganath, Rajesh and Gelman, Andrew and Blei, David M},
  journal={The Journal of Machine Learning Research},
  volume={18},
  number={1},
  pages={430--474},
  year={2017},
  publisher={JMLR. org}
}

@incollection{mackay1998introduction,
  title={Introduction to monte carlo methods},
  author={MacKay, David JC},
  booktitle={Learning in graphical models},
  pages={175--204},
  year={1998},
  publisher={Springer}
}

@article{neal2003slice,
  title={Slice sampling},
  author={Neal, Radford M and others},
  journal={The annals of statistics},
  volume={31},
  number={3},
  pages={705--767},
  year={2003},
  publisher={Institute of Mathematical Statistics}
}

@article{neal2011mcmc,
  title={MCMC using Hamiltonian dynamics},
  author={Neal, Radford M and others},
  journal={Handbook of markov chain monte carlo},
  volume={2},
  number={11},
  pages={2},
  year={2011}
}

@article{hoffman2014no,
  title={The No-U-Turn sampler: adaptively setting path lengths in Hamiltonian Monte Carlo.},
  author={Hoffman, Matthew D and Gelman, Andrew},
  journal={Journal of Machine Learning Research},
  volume={15},
  number={1},
  pages={1593--1623},
  year={2014}
}

@article{frigyik2010introduction,
  title={Introduction to the Dirichlet distribution and related processes},
  author={Frigyik, Bela A and Kapila, Amol and Gupta, Maya R},
  journal={Department of Electrical Engineering, University of Washignton, UWEETR-2010-0006},
  number={0006},
  pages={1--27},
  year={2010}
}

@article{gabry2019visualization,
  title={Visualization in Bayesian workflow},
  author={Gabry, Jonah and Simpson, Daniel and Vehtari, Aki and Betancourt, Michael and Gelman, Andrew},
  journal={Journal of the Royal Statistical Society: Series A (Statistics in Society)},
  volume={182},
  number={2},
  pages={389--402},
  year={2019},
  publisher={Wiley Online Library}
}

@book{gelman2013bayesian,
  title={Bayesian data analysis},
  author={Gelman, Andrew and Carlin, John B and Stern, Hal S and Dunson, David B and Vehtari, Aki and Rubin, Donald B},
  year={2013},
  publisher={Chapman and Hall/CRC}
}

@article{heath1976finetti,
  title={De Finetti's theorem on exchangeable variables},
  author={Heath, David and Sudderth, William},
  journal={The American Statistician},
  volume={30},
  number={4},
  pages={188--189},
  year={1976},
  publisher={Taylor \& Francis}
}

@inproceedings{gens2013learning,
  title={Learning the structure of sum-product networks},
  author={Gens, Robert and Pedro, Domingos},
  booktitle={International conference on machine learning},
  pages={873--880},
  year={2013}
}

@inproceedings{kisa2014probabilistic,
  title={Probabilistic sentential decision diagrams},
  author={Kisa, Doga and Van den Broeck, Guy and Choi, Arthur and Darwiche, Adnan},
  booktitle={Fourteenth International Conference on the Principles of Knowledge Representation and Reasoning},
  year={2014}
}

@article{heckerman1997bayesian,
  title={Bayesian networks for data mining},
  author={Heckerman, David},
  journal={Data mining and knowledge discovery},
  volume={1},
  number={1},
  pages={79--119},
  year={1997},
  publisher={Springer}
}

@inproceedings{lonardi2002finding,
  title={Finding motifs in time series},
  author={Lonardi, JLEKS and Patel, Pranav},
  booktitle={Proc. of the 2nd Workshop on Temporal Data Mining},
  pages={53--68},
  year={2002}
}


@inproceedings{mueen2009exact,
  title={Exact discovery of time series motifs},
  author={Mueen, Abdullah and Keogh, Eamonn and Zhu, Qiang and Cash, Sydney and Westover, Brandon},
  booktitle={Proceedings of the 2009 SIAM international conference on data mining},
  pages={473--484},
  year={2009},
  organization={SIAM}
}


@article{hilgard2019learning,
  title={Learning Representations by Humans, for Humans},
  author={Hilgard, Sophie and Rosenfeld, Nir and Banaji, Mahzarin R and Cao, Jack and Parkes, David C},
  journal={arXiv preprint arXiv:1905.12686},
  year={2019}
}

@article{amir2013PlanRecognition,
 author = {Amir, Ofra and Gal, Ya'akov (Kobi)},
 title = {Plan Recognition and Visualization in Exploratory Learning Environments},
 journal = {ACM Trans. Interact. Intell. Syst.},
 issue_date = {October 2013},
 volume = {3},
 number = {3},
 month = oct,
 year = {2013},
 issn = {2160-6455},
 pages = {16:1--16:23},
 articleno = {16},
 numpages = {23},
 url = {http://doi.acm.org/10.1145/2533670.2533674},
 doi = {10.1145/2533670.2533674},
 acmid = {2533674},
 publisher = {ACM},
 address = {New York, NY, USA},
 keywords = {Exploratory Learning Environments, Information Visualization, Plan Recognition},
} 

@inproceedings{gilpin2018explaining,
  title={Explaining explanations: An overview of interpretability of machine learning},
  author={Gilpin, Leilani H and Bau, David and Yuan, Ben Z and Bajwa, Ayesha and Specter, Michael and Kagal, Lalana},
  booktitle={2018 IEEE 5th International Conference on data science and advanced analytics (DSAA)},
  pages={80--89},
  year={2018},
  organization={IEEE}
}

@article{lipton2016mythos,
  title={The mythos of model interpretability},
  author={Lipton, Zachary C},
  journal={arXiv preprint arXiv:1606.03490},
  year={2016}
}

@article{weller2017challenges,
  title={Challenges for transparency},
  author={Weller, Adrian},
  journal={arXiv preprint arXiv:1708.01870},
  year={2017}
}


@inproceedings{caruana2015intelligible,
  title={Intelligible models for healthcare: Predicting pneumonia risk and hospital 30-day readmission},
  author={Caruana, Rich and Lou, Yin and Gehrke, Johannes and Koch, Paul and Sturm, Marc and Elhadad, Noemie},
  booktitle={Proceedings of the 21th ACM SIGKDD International Conference on Knowledge Discovery and Data Mining},
  pages={1721--1730},
  year={2015},
  organization={ACM}
}

@inproceedings{mallavarapu2019connect,
  title={Connect-to-Connected Worlds: Piloting a Mobile, Data-Driven Reflection Tool for an Open-Ended Simulation at a Museum},
  author={Mallavarapu, Aditi and Lyons, Leilah and Uzzo, Stephen and Thompson, Wren and Levy-Cohen, Rinat and Slattery, Brian},
  booktitle={Proceedings of the 2019 CHI Conference on Human Factors in Computing Systems},
  pages={7},
  year={2019},
  organization={ACM}
}

@article{alinier2014immersive,
  title={Immersive clinical simulation in undergraduate health care interprofessional education: Knowledge and perceptions},
  author={Alinier, Guillaume and Harwood, Colin and Harwood, Patricia and Montague, Susan and Huish, Eileen and Ruparelia, Krishna and Antuofermo, Melina},
  journal={Clinical Simulation in Nursing},
  volume={10},
  number={4},
  pages={e205--e216},
  year={2014},
  publisher={Elsevier}
}