@inproceedings{PajarinenP11,
  author    = {Joni Pajarinen and
               Jaakko Peltonen},
  title     = {Efficient Planning for Factored Infinite-Horizon DEC-POMDPs},
  booktitle = {{IJCAI} 2011, Proceedings of the 22nd International Joint Conference
               on Artificial Intelligence, Barcelona, Catalonia, Spain, July 16-22,
               2011},
  pages     = {325--331},
  year      = {2011}
}

@inproceedings{ShekharBS19,
  author    = {Shashank Shekhar and
               Ronen I. Brafman and
               Guy Shani},
  title     = {A Factored Approach to Deterministic Contingent Multi-Agent Planning},
  booktitle = {Proceedings of the Twenty-Ninth International Conference on Automated
               Planning and Scheduling, {ICAPS} 2019, Berkeley, CA, USA, July 11-15,
               2019},
  pages     = {419--427},
  year      = {2019}
}

@inproceedings{BrafmanD08,
  author    = {Ronen I. Brafman and
               Carmel Domshlak},
  title     = {From One to Many: Planning for Loosely Coupled Multi-Agent Systems},
  booktitle = {Proceedings of the Eighteenth International Conference on Automated
               Planning and Scheduling, {ICAPS} 2008, Sydney, Australia, September
               14-18, 2008},
  pages     = {28--35},
  year      = {2008}
}

@inproceedings{PeintnerVY07,
  author    = {Bart Peintner and
               Kristen Brent Venable and
               Neil Yorke{-}Smith},
  title     = {Strong Controllability of Disjunctive Temporal Problems with Uncertainty},
  booktitle = {Principles and Practice of Constraint Programming - {CP} 2007, 13th
               International Conference, {CP} 2007, Providence, RI, USA, September
               23-27, 2007, Proceedings},
  pages     = {856--863},
  year      = {2007}
}

@article{VidalF99,
  author    = {Thierry Vidal and
               H{\'{e}}l{\`{e}}ne Fargier},
  title     = {Handling contingency in temporal constraint networks: from consistency
               to controllabilities},
  journal   = {J. Exp. Theor. Artif. Intell.},
  volume    = {11},
  number    = {1},
  pages     = {23--45},
  year      = {1999}
}


@inproceedings{MorrisMV01,
  author    = {Paul H. Morris and
               Nicola Muscettola and
               Thierry Vidal},
  title     = {Dynamic Control Of Plans With Temporal Uncertainty},
  booktitle = {Proceedings of the Seventeenth International Joint Conference on Artificial
               Intelligence, {IJCAI} 2001, Seattle, Washington, USA, August 4-10,
               2001},
  pages     = {494--502},
  year      = {2001}
}

@inproceedings{CashmoreCCKMR19,
  author    = {Michael Cashmore and
               Andrew Coles and
               Bence Cserna and
               Erez Karpas and
               Daniele Magazzeni and
               Wheeler Ruml},
  title     = {Replanning for Situated Robots},
  booktitle = {the International Conference on Automated
               Planning and Scheduling (ICAPS)},
  pages     = {665--673},
  year      = {2019}
}


@inproceedings{ColesC14,
  author    = {Amanda Coles and
               Andrew Coles},
  title     = {{PDDL+} Planning with Events and Linear Processes},
  booktitle = {the International Conference on Automated
               Planning and Scheduling (ICAPS)},
  pages     = {74--82},
  year      = {2014}
}


@inproceedings{ColesFLS08,
  author    = {Andrew Coles and
               Maria Fox and
               Derek Long and
               Amanda Smith},
  title     = {Planning with Problems Requiring Temporal Coordination},
  booktitle = {the {AAAI} Conference on Artificial Intelligence (AAAI)},
  pages     = {892--897},
  year      = {2008}
}


@article{DechterMP91,
  author    = {Rina Dechter and
               Itay Meiri and
               Judea Pearl},
  title     = {Temporal Constraint Networks},
  journal   = {Artificial Intelligence},
  volume    = {49},
  number    = {1-3},
  pages     = {61--95},
  year      = {1991}
}

@article{CuiH19,
  author    = {Jing Cui and
               Patrik Haslum},
  title     = {Dynamic Controllability of Controllable Conditional Temporal Problems
               with Uncertainty},
  journal   = {Journal of Artificial Intelligence Research},
  volume    = {64},
  pages     = {445--495},
  year      = {2019}
}


@inproceedings{BoyraskyFSS15,
  author    = {Eli Boyarski and
               Ariel Felner and
               Guni Sharon and
               Roni Stern},
  title     = {Don't Split, Try To Work It Out: Bypassing Conflicts in Multi-Agent
               Pathfinding},
  booktitle = {the International Conference on Automated Planning and Scheduling (ICAPS)},
  pages     = {47--51},
  year      = {2015}
}



@inproceedings{BoyarskiFSSTBS15,
  author    = {Eli Boyarski and
               Ariel Felner and
               Roni Stern and
               Guni Sharon and
               David Tolpin and
               Oded Betzalel and
               Solomon Eyal Shimony},
  title     = {{ICBS:} Improved Conflict-Based Search Algorithm for Multi-Agent Pathfinding},
  booktitle = {the International Joint Conference on Artificial Intelligence (IJCAI)},
  pages     = {740--746},
  year      = {2015}
}

@inproceedings{SharonSFS12ab,
  author    = {Guni Sharon and
               Roni Stern and
               Ariel Felner and
               Nathan R. Sturtevant},
  title     = {Meta-Agent Conflict-Based Search For Optimal Multi-Agent Path Finding},
  booktitle = {the International Symposium on Combinatorial Search
               (SoCS)},
  year      = {2012}
}

@inproceedings{0001WFLKK18,
  author    = {Hang Ma and
               Glenn Wagner and
               Ariel Felner and
               Jiaoyang Li and
               T. K. Satish Kumar and
               Sven Koenig},
  title     = {Multi-Agent Path Finding with Deadlines},
  booktitle = {Proceedings of the Twenty-Seventh International Joint Conference on
               Artificial Intelligence, {IJCAI} 2018, July 13-19, 2018, Stockholm,
               Sweden},
  pages     = {417--423},
  year      = {2018}
}

@inproceedings{PecoraAMP18,
  author    = {Federico Pecora and
               Henrik Andreasson and
               Masoumeh Mansouri and
               Vilian Petkov},
  title     = {A Loosely-Coupled Approach for Multi-Robot Coordination, Motion Planning
               and Control},
  booktitle = {Proceedings of the Twenty-Eighth International Conference on Automated
               Planning and Scheduling, {ICAPS} 2018, Delft, The Netherlands, June
               24-29, 2018},
  pages     = {485--493},
  year      = {2018}
}

@inproceedings{HoenigK0MXAK16,
  author    = {Wolfgang H{\"{o}}nig and
               T. K. Satish Kumar and
               Liron Cohen and
               Hang Ma and
               Hong Xu and
               Nora Ayanian and
               Sven Koenig},
  title     = {Multi-Agent Path Finding with Kinematic Constraints},
  booktitle = {Proceedings of the Twenty-Sixth International Conference on Automated
               Planning and Scheduling, {ICAPS} 2016, London, UK, June 12-17, 2016},
  pages     = {477--485},
  year      = {2016}
}

@inproceedings{goldenberg2012variants,
  title={A* variants for optimal multi-agent pathfinding},
  author={Goldenberg, Meir and Felner, Ariel and Stern, Roni and Sharon, Guni and Schaeffer, Jonathan},
  booktitle={Workshops on Multi-Agent Pathfiding at AAAI},
  year={2012}
}

@inproceedings{ma2019lifelong,
	author = {Hang Ma and Wolfgang H\"{o}nig and T. K. S. Kumar and N. Ayanian and Sven Koenig},
	title = {Lifelong Path Planning with Kinematic Constraints for Multi-Agent Pickup and Delivery},
	booktitle = {{AAAI} Conference on Artificial Intelligence},
	year = 2019
}

@article{tang2014fast,
  title={Fast and exact continuous collision detection with bernstein sign classification},
  author={Tang, Min and Tong, Ruofeng and Wang, Zhendong and Manocha, Dinesh},
  journal={ACM Transactions on Graphics (TOG)},
  volume={33},
  number={6},
  pages={186},
  year={2014}
}

@article{jimenez20013d,
  title={3D collision detection: a survey},
  author={Jim{\'e}nez, Pablo and Thomas, Federico and Torras, Carme},
  journal={Computers \& Graphics},
  volume={25},
  number={2},
  pages={269--285},
  year={2001}
}

@inproceedings{LiuAAMAS19,
	author = {M. Liu and H. Ma and J. Li and S. Koenig},
	title = {Task and Path Planning for Multi-Agent Pickup and Delivery},
	booktitle = {International Conference on Autonomous Agents and Multiagent Systems},
	year = 2019
}
@article{SeukenZ2008,
  title={Formal models and algorithms for decentralized decision making under uncertainty},
  author={Seuken, Sven and Zilberstein, Shlomo},
  journal={Autonomous Agents and Multi-Agent Systems},
  volume={17},
  number={2},
  pages={190--250},
  year={2008},
  publisher={Springer}
}

@inproceedings{sturtevant2006improving,
  title={Improving Collaborative Pathfinding Using Map Abstraction},
  author={Sturtevant, Nathan R and Buro, Michael},
  booktitle={AIIDE},
  pages={80--85},
  year={2006}
}

@inproceedings{walker2017using,
  title={Using hierarchical constraints to avoid conflicts in multi-agent pathfinding},
  author={Walker, Thayne T and Chan, David and Sturtevant, Nathan R},
  booktitle={International Conference on Automated Planning and Scheduling (ICAPS)},
  year={2017}
}

@inproceedings{li2019multi,
  title={Multi-Agent Path Finding for Large Agents},
  booktitle={AAAI},
  author={Li, Jiaoyang and Surynek, Pavel and Felner, Ariel and Ma, Hang},
  year={2019}
}

@article{wurman2008coordinating,
  title={Coordinating hundreds of cooperative, autonomous vehicles in warehouses},
  author={Wurman, Peter R and D'Andrea, Raffaello and Mountz, Mick},
  journal={AI magazine},
  volume={29},
  number={1},
  pages={9},
  year={2008}
}

@inproceedings{veloso2015cobots,
  title={CoBots: Robust Symbiotic Autonomous Mobile Service Robots.},
  author={Veloso, Manuela M and Biswas, Joydeep and Coltin, Brian and Rosenthal, Stephanie},
  booktitle={IJCAI},
  pages={4423},
  year={2015}
}

@inproceedings{ma2017feasibility,
  author    = {Hang Ma and
               Jingxing Yang and
               Liron Cohen and
               T. K. Satish Kumar and
               Sven Koenig},
  title     = {Feasibility Study: Moving Non-Homogeneous Teams in Congested Video Game Environments},
  booktitle = {Conference on Artificial Intelligence and Interactive Digital Entertainment (AIIDE)},
  pages     = {270--272},
  year      = {2017}
}

@inproceedings{morris2016planning,
  title={Planning, Scheduling and Monitoring for Airport Surface Operations.},
  author={Morris, Robert and Pasareanu, Corina S and Luckow, Kasper S{\o}e and Malik, Waqar and Ma, Hang and Kumar, TK Satish and Koenig, Sven},
  booktitle={AAAI Workshop: Planning for Hybrid Systems},
  year={2016}
}


@inproceedings{li2019symmetry,
  author    = {Jiaoyang Li and 
               Daniel Harabor and 
               Peter J Stuckey and 
               Hang Ma and 
               Sven Koenig}, 
  title     = {Symmetry-Breaking Constraints for Grid-Based Multi-Agent Path Finding},
  booktitle = {the {AAAI} Conference on Artificial Intelligence (AAAI)}, 
  pages     = {6087--6095},
  year      = {2019}
}


@inproceedings{phillips2011sipp,
  title={Sipp: Safe interval path planning for dynamic environments},
  author={Phillips, Mike and Likhachev, Maxim},
  booktitle={IEEE International Conference on Robotics and Automation (ICRA)},
  pages={5628--5635},
  year={2011},
}


@inproceedings{kornhauser1984coordinating,
  title={Coordinating Pebble Motion On Graphs, The Diameter Of Permutation Groups, And Applications},
  author={D. Kornhauser and G. Miller and P. Spirakis},
  booktitle={Symposium on Foundations of Computer Science},
  pages={241--250},
  year={1984},
  organization={IEEE}
}

@inproceedings{surynek2010optimization,
  title={An Optimization Variant of Multi-Robot Path Planning Is Intractable.},
  author={Surynek, Pavel},
  booktitle={AAAI},
  pages={1--3},
  year={2010}
}

@inproceedings{yu2013multi,
  author    = {Jingjin Yu and
               Steven M. LaValle},
  title     = {Multi-agent Path Planning and Network Flow},
  booktitle = {Workshop on the Algorithmic Foundations of Robotics ({WAFR})},
  pages     = {157--173},
  year      = {2012}
}

@inproceedings{yu2013structure,
  author    = {Jingjin Yu and
               Steven M. LaValle},
  title     = {Structure and Intractability of Optimal Multi-Robot Path
               Planning on Graphs},
  booktitle = {AAAI},
  year      = {2013},
}


@inproceedings{ICTAIpicat,
  title={Modeling and Solving the Multi-agent Pathfinding Problem in Picat},
  author={Bart{\'a}k, Roman and Zhou, Neng-Fa and Stern, Roni and Boyarski, Eli and Surynek, Pavel},
  booktitle={International Conference on Tools with Artificial Intelligence (ICTAI)},
  pages = {959--966},
  year	= {2017}
}

@inproceedings{felner2018adding,
  title={Adding Heuristics to Conflict-Based Search for Multi-Agent Path Finding},
  booktitle={the International Conference on Automated
               Planning and Scheduling (ICAPS)},
  author={Felner, Ariel and Li, Jiaoyang and Boyarski, Eli and Ma, Hang and Cohen, Liron and Kumar, TK Satish and Koenig, Sven},
  year={2018},
  pages={83--87}
}

@inproceedings{standley2010finding,
  title={Finding Optimal Solutions to Cooperative Pathfinding Problems.},
  author={Standley, Trevor Scott},
  booktitle={the {AAAI} Conference on Artificial Intelligence (AAAI)},
  pages={28--29},
  year={2010}
}

@article{sharon2013increasing,
  title={The increasing cost tree search for optimal multi-agent pathfinding},
  author={Sharon, Guni and Stern, Roni and Goldenberg, Meir and Felner, Ariel},
  journal={Artificial Intelligence},
  volume={195},
  pages={470--495},
  year={2013}
}

@article{wagner2015subdimensional,
  title={Subdimensional expansion for multirobot path planning},
  author={Wagner, Glenn and Choset, Howie},
  journal={Artificial Intelligence},
  volume={219},
  pages={1--24},
  year={2015}
}

@inproceedings{van2005prioritized,
  title={Prioritized motion planning for multiple robots},
  author={Van Den Berg, Jur P and Overmars, Mark H},
  booktitle={IEEE/RSJ International Conference on Intelligent Robots and Systems (IROS)},
  pages={430--435},
  year={2005}
}

@article{solovey2014k,
  title={k-Color multi-robot motion planning},
  author={Solovey, Kiril and Halperin, Dan},
  journal={The International Journal of Robotics Research},
  volume={33},
  number={1},
  pages={82--97},
  year={2014}
}


@inproceedings{godoy2015adaptive,
  title={Adaptive learning for multi-agent navigation},
  author={Godoy, Julio E and Karamouzas, Ioannis and Guy, Stephen J and Gini, Maria},
  booktitle={the International Conference on Autonomous Agents and Multiagent Systems ({AAMAS})},
  pages={1577--1585},
  year={2015}
}

@inproceedings{dobson2017scalable,
  title={Scalable asymptotically-optimal multi-robot motion planning},
  author={Dobson, Andrew and Solovey, Kiril and Shome, Rahul and Halperin, Dan and Bekris, Kostas E},
  booktitle={International Symposium on Multi-Robot and Multi-Agent Systems (MRS)},
  pages={120--127},
  year={2017},
  organization={IEEE}
}


@inproceedings{honig2016multi,
  title={Multi-Agent Path Finding with Kinematic Constraints},
  author={H{\"o}nig, Wolfgang and Kumar, TK Satish and Cohen, Liron and Ma, Hang and Xu, Hong and Ayanian, Nora and Koenig, Sven},
  booktitle={the International Conference on Automated Planning and Scheduling ({ICAPS})},
  pages={477--485},
  year={2016}
}


@inproceedings{honig2017summary,
  title={Summary: multi-agent path finding with kinematic constraints},
  author={H{\"o}nig, Wolfgang and Kumar, TK and Cohen, Liron and Ma, Hang and Xu, Hong and Ayanian, Nora and Koenig, Sven},
  booktitle={International Joint Conference on Artificial Intelligence ({IJCAI})},
  pages={4869--4873},
  year={2017}
}



@inproceedings{andreychuk2018twoTechniques,
  author    = {Anton Andreychuk and
               Konstantin Yakovlev},
  title     = {Two Techniques That Enhance the Performance of Multi-robot Prioritized
               Path Planning},
  booktitle = {International Conference on Autonomous Agents and MultiAgent Systems ({AAMAS})},
  pages     = {2177--2179},
  year      = {2018}
}

@inproceedings{yakovlev2017anyAngle,
  author    = {Konstantin Yakovlev and
               Anton Andreychuk},
  title     = {Any-Angle Pathfinding for Multiple Agents Based on {SIPP} Algorithm},
  booktitle = {International Conference on Automated Planning and Scheduling ({ICAPS})},
  pages     = {586},
  year      = {2017}
}


@inproceedings{walker2018extended,
  title={Extended Increasing Cost Tree Search for Non-Unit Cost Domains.},
  author={Walker, Thayne T and Sturtevant, Nathan R and Felner, Ariel},
  booktitle={IJCAI},
  pages={534--540},
  year={2018}
}
@article{sharon2015conflict,
  title={Conflict-based search for optimal multi-agent pathfinding},
  author={Sharon, Guni and Stern, Roni and Felner, Ariel and Sturtevant, Nathan R},
  journal={Artificial Intelligence},
  volume={219},
  pages={40--66},
  year={2015},
  publisher={Elsevier}
}
@article{sturtevant2012benchmarks,
  title={Benchmarks for grid-based pathfinding},
  author={Sturtevant, Nathan R},
  journal={IEEE Transactions on Computational Intelligence and AI in Games},
  volume={4},
  number={2},
  pages={144--148},
  year={2012}
}


@inproceedings{rivera2017grid,
  title={Grid Pathfinding on the 2k Neighborhoods.},
  author={Rivera, Nicol{\'a}s and Hern{\'a}ndez, Carlos and Baier, Jorge A},
  booktitle={AAAI},
  pages={891--897},
  year={2017}
}





@inproceedings{ma2017multiAgent,
    title={Multi-Agent Path Finding with Delay Probabilities},
    author={H. Ma and S. Kumar and S. Koenig},
    booktitle={the {AAAI} Conference on Artificial Intelligence (AAAI)},
    pages={3605--3612},
    year={2017}
}


@article{nebel2000compilability,
    title={On the compilability and expressive power of propositional planning formalisms},
    author={Nebel, Bernhard},
    journal={Journal of Artificial Intelligence Research},
    volume={12},
    pages={271--315},
    year={2000}
}

@inproceedings{muise2012improved,
    title={Improved Non-Deterministic Planning by Exploiting State Relevance.},
    author={Muise, Christian J and McIlraith, Sheila A and Beck, J Christopher},
    booktitle={ICAPS},
    year={2012}
}

@inproceedings{daniele1999strong,
    title={Strong cyclic planning revisited},
    author={Daniele, Marco and Traverso, Paolo and Vardi, Moshe Y},
    booktitle={European Conference on Planning},
    pages={35--48},
    year={1999},
    organization={Springer}
}


@inproceedings{kissmann2009solving,
  title={Solving fully-observable non-deterministic planning problems via translation into a general game},
  author={Kissmann, Peter and Edelkamp, Stefan},
  booktitle={Annual Conference on Artificial Intelligence},
  pages={1--8},
  year={2009},
  organization={Springer}
}

@article{cimatti2003weak,
  title={Weak, strong, and strong cyclic planning via symbolic model checking},
  author={Cimatti, Alessandro and Pistore, Marco and Roveri, Marco and Traverso, Paolo},
  journal={Artificial Intelligence},
  volume={147},
  number={1},
  pages={35--84},
  year={2003}
}

@article{hoffmann2006conformant,
  title={Conformant planning via heuristic forward search: A new approach},
  author={Hoffmann, J{\"o}rg and Brafman, Ronen I},
  journal={Artificial Intelligence},
  volume={170},
  number={6},
  pages={507--541},
  year={2006},
  publisher={Elsevier}
}


@article{cavalcanti2007nanorobot,
    title={Nanorobot architecture for medical target identification},
    author={Cavalcanti, Adriano and Shirinzadeh, Bijan and Freitas Jr, Robert A and Hogg, Tad},
    journal={Nanotechnology},
    volume={19},
    number={1},
    pages={015103},
    year={2007}
}

@article{palacios2009compiling,
  title={Compiling uncertainty away in conformant planning problems with bounded width},
  author={Palacios, Hector and Geffner, Hector},
  journal={Journal of Artificial Intelligence Research},
  volume={35},
  pages={623--675},
  year={2009}
}

@article{jimenez2012review,
  title={A review of machine learning for automated planning},
  author={Jim{\'e}nez, Sergio and De La Rosa, Tom{\'a}s and Fern{\'a}ndez, Susana and Fern{\'a}ndez, Fernando and Borrajo, Daniel},
  journal={The Knowledge Engineering Review},
  volume={27},
  number={4},
  pages={433--467},
  year={2012}
}

@inproceedings{walsh2008efficientLearning,
 author = {Walsh, Thomas J. and Littman, Michael L.},
 title = {Efficient Learning of Action Schemas and Web-service Descriptions},
 booktitle = {the National Conference on Artificial Intelligence (AAAI)},
 year = {2008},
 pages = {714--719}
}

@article{jimenez2013integrating,
  title={Integrating planning, execution, and learning to improve plan execution},
  author={Jim{\'e}nez, Sergio and Fern{\'a}ndez, Fernando and Borrajo, Daniel},
  journal={Computational Intelligence},
  volume={29},
  number={1},
  pages={1--36},
  year={2013},
  publisher={Wiley Online Library}
}

@inproceedings{levine2006explanation,
  title={Explanation-Based Acquisition of Planning Operators.},
  author={Levine, Geoffrey and DeJong, Gerald},
  booktitle={ICAPS},
  pages={152--161},
  year={2006}
}

@inproceedings{wang1994learning,
  author    = {Xuemei Wang},
  title     = {Learning Planning Operators by Observation and Practice},
  booktitle = {the International Conference on Artificial Intelligence Planning Systems (AIPS)},
  pages     = {335--340},
  year      = {1994}
}

@article{veloso1995integrating,
  title={Integrating planning and learning: The PRODIGY architecture},
  author={Veloso, Manuela and Carbonell, Jaime and Perez, Alicia and Borrajo, Daniel and Fink, Eugene and Blythe, Jim},
  journal={Journal of Experimental \& Theoretical Artificial Intelligence},
  volume={7},
  number={1},
  pages={81--120},
  year={1995}
}

@inproceedings{wang1995learning,
  title={Learning by observation and practice: An incremental approach for planning operator acquisition},
  author={Wang, Xuemei},
  booktitle={ICML},
  pages={549--557},
  year={1995}
}

@article{konidaris2014constructing,
  title={Constructing symbolic representations for high-level planning},
  author={Konidaris, George and Kaelbling, Leslie Pack and Lozano-Perez, Tomas},
  year={2014},
  publisher={Association for the Advancement of Artificial Intelligence (AAAI)}
}

@inproceedings{mourao2012learning,
  title={Learning STRIPS operators from noisy and incomplete observations},
  author={Mour{\~{a}}o, Kira and Zettlemoyer, Luke S and Petrick, Ronald and Steedman, Mark},
  booktitle={UAI},
  pages={614--623},
  year={2012}
}


@TECHREPORT{mcdermott1998pddl,
  AUTHOR = {McDermott, Drew and Ghallab, Malik and Howe, Adele and Knoblock, Craig and Ram, Ashwin and Veloso, Manuela and Weld, Daniel and Wilkins, David},
  TITLE = {{PDDL}-the planning domain definition language},
  YEAR  = {1998},
  institution = {AIPS '98 - The Planning Competition Committee}
}


@article{fikes1971strips,
  title={{STRIPS}: A new approach to the application of theorem proving to problem solving},
  author={Fikes, Richard E and Nilsson, Nils J},
  journal={Artificial intelligence},
  volume={2},
  number={3-4},
  pages={189--208},
  year={1971},
  publisher={Elsevier}
}

@inproceedings{GILON2016,
  author    = {D. Gilon and
               A. Felner and
               R. Stern},
  title     = {Dynamic Potential Search - {A} New Bounded Suboptimal Search},
  booktitle = {Proceedings of the Ninth Annual Symposium on Combinatorial Search,
               {SOCS} 2016, Tarrytown, NY, USA, July 6-8, 2016.},
  pages     = {36--44},
  year      = {2016}
}



@inproceedings{BurnsHLR12,
  author    = {Ethan Andrew Burns and
               Matthew Hatem and
               Michael J. Leighton and
               Wheeler Ruml},
  title     = {Implementing Fast Heuristic Search Code},
  booktitle = {SoCS},
  year      = {2012}
}



@inproceedings{MMAAAI16,
  author    = {Robert  C. Holte and  Ariel Felner and  Guni Sharon and   Nathan R. Sturtevant},
  title     = {Bidirectional Search That Is Guaranteed to Meet in the Middle},
  booktitle = {Proceedings of the {AAAI} Conference on Artificial Intelligence},
  year      = {2016}
}

@article{lelis2016predicting,
  title={Predicting optimal solution costs with bidirectional stratified sampling in regular search spaces},
  author={Lelis, Levi HS and Stern, Roni and Arfaee, Shahab Jabbari and Zilles, Sandra and Felner, Ariel and Holte, Robert C},
  journal={Artificial Intelligence},
  volume={230},
  pages={51--73},
  year={2016},
  publisher={Elsevier}
}

@article{lelis2014predicting,
  title={Predicting optimal solution cost with conditional probabilities},
  author={Lelis, Levi HS and Stern, Roni and Felner, Ariel and Zilles, Sandra and Holte, Robert C},
  journal={Annals of Mathematics and Artificial Intelligence},
  volume={72},
  number={3-4},
  pages={267--295},
  year={2014},
  publisher={Springer}
}


@article{Lippi,
  title={Optimally solving permutation sorting problems with efficient partial expansion bidirectional heuristic search},
  author={M. Lippi and M. Ernandes and  Ariel Felner},
  journal={Artificial Intelligence Communication},
  year={2016},
  publisher={To appear}
}

@book{ghallab2004automated,
  title={Automated planning: theory \& practice},
  author={Ghallab, Malik and Nau, Dana and Traverso, Paolo},
  year={2004},
  publisher={Elsevier}
}


@inproceedings{helmert2010landmark,
  title={Landmark heuristics for the pancake problem},
  author={Helmert, Malte},
  booktitle={Third Annual Symposium on Combinatorial Search (SoCS)},
  year={2010}
}


@book{russell1995artificial,
  title={Artificial intelligence: a modern approach},
  author={Russell, Stuart and Norvig, Peter},
  publisher={Prentice Hall},
    year={1995}
}

@inproceedings{valenzano2013using,
  title={Using Alternative Suboptimality Bounds in Heuristic Search.},
  author={Valenzano, Richard Anthony and Arfaee, Shahab Jabbari and Thayer, Jordan Tyler and Stern, Roni and Sturtevant, Nathan R},
  booktitle={ICAPS},
  year={2013}
}

@article{EbendtD2009,
 author = {Ebendt, R\"{u}diger and Drechsler, Rolf},
 title = {Weighted {A}* search --- unifying view and application},
 journal = {Artificial Intelligence},
 publisher = {Elsevier Science Publishers Ltd.},
 address = {Essex, UK},
 volume = {173},
 number = {14},
 pages = {1310--1342},
 year      = {2009},
}

@inproceedings{wilt2014speedy,
  title={Speedy versus greedy search},
  author={Wilt, Christopher Makoto and Ruml, Wheeler},
  booktitle={Seventh Annual Symposium on Combinatorial Search},
  year={2014}
}


@inproceedings{Ruml10,
  author    = {Wheeler Ruml},
  title     = {The Logic of Benchmarking: {A} Case Against State-of-the-Art Performance},
  booktitle = {Proceedings of the Third Annual Symposium on Combinatorial Search,
               {SOCS} 2010, Stone Mountain, Atlanta, Georgia, USA, July 8-10, 2010},
  year      = {2010},
}


@incollection{ai4games,
  author={Vadim Bulitko and Yngvi Bj{\"o}rnsson and Nathan R. Sturtevant and Ramon Lawrence},
  title={Real-Time Heuristic Search for Pathfinding in Video Games},
  booktitle={Applied Research in Artificial Intelligence for Computer Games},
  publisher={Springer},
  year={2011},
}

@article{JAIRPDB,
   author="A. Felner and R. E. Korf and S. Hanan",
       title="Additive pattern database heuristics",
       journal="JAIR",
       volume= 22,
       pages="279--318",
       year = 2004
   }


@inproceedings{richter2010joy,
  title={The Joy of Forgetting: Faster Anytime Search via Restarting.},
  author={Richter, Silvia and Thayer, Jordan Tyler and Ruml, Wheeler},
  booktitle={ICAPS},
  pages={137--144},
  year={2010}
}


@inproceedings{incon2007,
  author    = {U. Zahavi and
               A. Felner and
               J. Schaeffer and
               N. Sturtevant},
  title     = {Inconsistent Heuristics},
  booktitle = {AAAI},
  pages     = {1211--1216},
  year      = {2007}
}



@TECHREPORT{SUPP,
  AUTHOR =        {Anonymous},
  TITLE =         {Technical Report: Different trends for {WA*}},
  year      = {2014},
  note  =        {Available at \url{https://drive.google.com/file/d/0B0Q22P-_lFBWZ04tcGJPYTFMSmM/view?usp=sharing}},
}



@inproceedings{ValenzanoSS14,
  author    = {Richard Anthony Valenzano and
               Nathan R. Sturtevant and
               Jonathan Schaeffer},
  title     = {Worst-Case Solution Quality Analysis When Not Re-Expanding Nodes in
               Best-First Search},
  booktitle = {AAAI},
  pages     = {885--892},
  year      = {2014}
}

@article{hartNR68Astar,
  author    = {Peter E. Hart and
               Nils J. Nilsson and
               Bertram Raphael},
  title     = {A Formal Basis for the Heuristic Determination of Minimum
               Cost Paths},
  journal   = {IEEE Transactions on Systems Science and Cybernetics},
  volume = {SSC-4(2)},
  year      = {1968},
  pages     = {100--107},
}
@article{Pohl70HeuristicSearchPathFinding,
  author    = {Ira Pohl},
  title     = {Heuristic Search Viewed as Path Finding in a Graph},
  journal   = {Artificial Intelligence},
  volume = 1,
  number = {3-4},
  pages = {193--204},
  year      = {1970},
}

@inproceedings{Korf1992LinearSpaceBestFirstSearch,
    author    = {Richard E. Korf},
    title     = {Linear-Space Best-First Search: Summary of Results},
    booktitle = {Proceedings of the tenth national conference on Artificial intelligence},
    series = {AAAI'92},
    year      = {1992},
    pages = {533--538},
}

@article{HansenZ07AnytimeHeuristicSearch,
  author    = {Eric A. Hansen and
               Rong Zhou},
  title     = {Anytime Heuristic Search},
  journal   = {Journal of Artificial Intelligence Research (JAIR)},
  volume = {28},
  pages = {267--297},
  year = {2007},
}

@inproceedings{ThayerR08FasterThanWAstar,
  author    = {Jordan Tyler Thayer and
               Wheeler Ruml},
  title     = {Faster than Weighted {A}*: An Optimistic Approach to Bounded
               Suboptimal Search},
  booktitle = {ICAPS},
  year      = {2008},
}



@inproceedings{likhachevGT03AnytimeRepairingAstar,
  author = {Likhachev, Maxim and Gordon, Geoffrey J. and Thrun, Sebastian},
  title = {{ARA}*: Anytime {A}* with Provable Bounds on Sub-Optimality.},
  booktitle = {NIPS},
  year = 2004
}

@conference{ThayerRuml2011SurveySuboptimalSearch,
    author    = {Thayer, Jordan Tyler and Ruml, Wheeler},
    title     = {A Survey of Suboptimal Search Algorithms, a tutorial given at the Twenty-first International Conference on Automated Planning and Scheduling},
    booktitle = {ICAPS-11},
    month     = {June},
    year      = {2011},
}

@inproceedings{MalimaAsifMPA2007,
     author = {Malima, Asanterabi and Sabanovic, Asif},
     title = {Motion planning and assembly for microassembly workstation},
     booktitle = {ISCO},
     pages = {467--474},
     year = {2007},
}

@article{PearlKimSAH1982,
    author = {Pearl, Judea and Kim, Jin H.},
    journal = {IEEE Trans. Pattern Anal. Mach. Intell.},
    title = {Studies in Semi-Admissible Heuristics.},
    number = 4,
    pages = {392--399},
    volume = 4,
    year = 1982
}

@inproceedings{Pohl1973ACH,
    author = {Pohl, Ira},
    title = {The avoidance of (relative) catastrophe, heuristic competence, genuine dynamic weighting and computational issues in heuristic problem solving},
    booktitle = {IJCAI},
    year = {1973},
    pages = {12--17},
}

@inproceedings{SturtevantFBSN2009,
 author = {Sturtevant, Nathan and
           Felner, Ariel and
           Barrer, Max and
           Schaeffer, Jonathan and
           Burch, Neil},
 title = {Memory-based Heuristics for Explicit State Spaces},
 booktitle = {IJCAI},
 year = {2009},
}

@article{FelnerZHSSZ11,
  author    = {Ariel Felner and
               Uzi Zahavi and
               Robert Holte and
               Jonathan Schaeffer and
               Nathan R. Sturtevant and
               Zhifu Zhang},
  title     = {Inconsistent heuristics in theory and practice},
  journal   = {Artificial Intelligence},
  volume    = {175},
  number    = {9--10},
  year      = {2011},
  pages     = {1570-1603},
}

@inproceedings{DistanceEstimatesThayerRuml2009,
  author    = {Jordan Tyler Thayer and
               Wheeler Ruml},
  title     = {Using Distance Estimates in Heuristic Search},
  booktitle = {ICAPS},
  year      = {2009},
}

@article{DBLP:journals/jair/HansenZ07,
  author    = {Eric A. Hansen and
               Rong Zhou},
  title     = {Anytime Heuristic Search},
  journal   = {J. Artif. Intell. Res. (JAIR)},
  volume    = {28},
  year      = {2007},
  pages     = {267-297}
}

@inproceedings{AnytimeThayerRuml2010,
  author    = {Jordan Thayer and
               Wheeler Ruml},
  title     = {Anytime Heuristic Search: Frameworks and Algorithms},
  booktitle = {SOCS},
  year      = {2010},
}


@inproceedings{WiltR12,
  author    = {Christopher Makoto Wilt and
               Wheeler Ruml},
  title     = {When Does Weighted {A}* Fail?},
  booktitle = {SOCS},
  year      = {2012}
}

@inproceedings{PotentialSearch2011,
  author    = {Roni Stern and
               Rami Puzis and
               Ariel Felner},
  title     = {Potential search: a bounded-cost search algorithm},
  booktitle = {ICAPS},
  year      = {2011},
}

@inproceedings{ThayerR11BoundedSuboptimalSearch,
  author    = {Jordan Tyler Thayer and
               Wheeler Ruml},
  title     = {Bounded Suboptimal Search: {A} Direct Approach Using Inadmissible
               Estimates},
  booktitle = {IJCAI},
  year      = {2011},
}

@book{NauG04AutomatedPlanning,
 author = {Nau, Dana and Ghallab, Malik and Traverso, Paolo},
 title = {Automated Planning: Theory \& Practice},
 year = {2004},
 publisher = {Morgan Kaufmann Publishers Inc.},
}

@inproceedings{ThayerSFR12,
  author    = {Jordan Tyler Thayer and
               Roni Stern and
               Ariel Felner and
               Wheeler Ruml},
  title     = {Faster Bounded-Cost Search Using Inadmissible Estimates},
  booktitle = {ICAPS},
  year      = {2012},
}

@article{SternFBPSG14,
  author    = {Roni Stern and
               Ariel Felner and
               Jur van den Berg and
               Rami Puzis and
               Rajat Shah and
               Ken Goldberg},
  title     = {Potential-based bounded-cost search and Anytime Non-Parametric \astar{}},
  journal   = {Artificial Intelligence},
  volume    = {214},
  pages     = {1--25},
  year      = {2014},
}

@inproceedings{ZahaviFSS07,
  author    = {Uzi Zahavi and
               Ariel Felner and
               Jonathan Schaeffer and
               Nathan R. Sturtevant},
  title     = {Inconsistent Heuristics},
  booktitle = {AAAI},
  pages     = {1211--1216},
  year      = {2007},
}

@article{vapnik1971,
  author = {V. Vapnik and A. Chervonenkis},
  title = {On the uniform convergence of relative frequencies of events to their probabilities},
  journal = {Theory of Probability and its Applications},
  volume = {16},
  number = {2},
  pages = {264--280},
  year = {1971}
}

@article{valiant1984,
 author = {Leslie G. Valiant},
 title = {A theory of the learnable},
 journal = {Communications of the ACM},
 volume = {18},
 number = {11},
 pages = {1134--1142},
 year = {1984}
}

@article{kearns2002,
 author = {Michael Kearns and Yishay Mansour and Andrew Ng},
 title = {A sparse sampling algorithm for near-optimal planning in large {M}arkov decision processes},
 journal = {Mach. Learn.},
 volume = {49},
 number = {2},
 pages = {193--208},
 year = {2002}
}

@article{CBSJUR,
  author    = {G. Sharon and
               R. Stern and
               A. Felner and
               N. R. Sturtevant},
  title     = {Conflict-based search for optimal multi-agent pathfinding},
  journal   = {Artificial Intelligence},
  volume    = {219},
  pages     = {40--66},
  year      = {2015}
}


@inproceedings{felner2017searchBased,
  author    = {Ariel Felner and
               Roni Stern and
               Solomon Eyal Shimony and
               Eli Boyarski and
               Meir Goldenberg and
               Guni Sharon and
               Nathan R. Sturtevant and
               Glenn Wagner and
               Pavel Surynek},
  title     = {Search-Based Optimal Solvers for the Multi-Agent Pathfinding Problem:
               Summary and Challenges},
  booktitle = {the International Symposium on Combinatorial
               Search (SoCS)},
  pages     = {29--37},
  year      = {2017}
}

@incollection{guy2015,
  title={Guide to Anticipatory Collision Avoidance},
  author={Guy, Stephen J. and Karamouzas, Ioannis},
  editor={Rabin, Steven},
  booktitle={Game AI Pro 2: Collected Wisdom of Game AI Professionals},
  chapter={19},
  pages={195--208},
  year={2015},
  publisher={O'reilly}
}

@article{snape2011hybrid,
  title={The hybrid reciprocal velocity obstacle},
  author={Snape, Jamie and Van Den Berg, Jur and Guy, Stephen J and Manocha, Dinesh},
  journal={IEEE Transactions on Robotics},
  volume={27},
  number={4},
  pages={696--706},
  year={2011}
}

@article{godoy2018alan,
  title={ALAN: adaptive learning for multi-agent navigation},
  author={Godoy, Julio and Chen, Tiannan and Guy, Stephen J and Karamouzas, Ioannis and Gini, Maria},
  journal={Autonomous Robots},
  pages={1--20},
  year={2018}
}

@article{PalaciosG09,
  author    = {H{\'{e}}ctor Palacios and
               Hector Geffner},
  title     = {Compiling Uncertainty Away in Conformant Planning Problems with Bounded
               Width},
  journal   = {J. Artif. Intell. Res.},
  volume    = {35},
  pages     = {623--675},
  year      = {2009}
}

@inproceedings{FelnerLB00KK18,
  author    = {Ariel Felner and
               Jiaoyang Li and
               Eli Boyarski and
               Hang Ma and
               Liron Cohen and
               T. K. Satish Kumar and
               Sven Koenig},
  title     = {Adding Heuristics to Conflict-Based Search for Multi-Agent Path Finding},
  booktitle = {Proceedings of the Twenty-Eighth International Conference on Automated
               Planning and Scheduling, {ICAPS} 2018, Delft, The Netherlands, June
               24-29, 2018.},
  pages     = {83--87},
  year      = {2018}
  }

@inproceedings{SharonSFS12,
  author    = {Guni Sharon and
               Roni Stern and
               Ariel Felner and
               Nathan R. Sturtevant},
  title     = {Conflict-Based Search For Optimal Multi-Agent Path Finding},
  booktitle = {{AAAI} Conference on Artificial Intelligence,
               July 22-26, 2012, Toronto, Ontario, Canada.},
  year      = {2012}
  }

@article{HoffmannB06,
  author    = {J{\"{o}}rg Hoffmann and
               Ronen I. Brafman},
  title     = {Conformant planning via heuristic forward search: {A} new approach},
  journal   = {Artificial Intelligence},
  volume    = {170},
  number    = {6-7},
  pages     = {507--541},
  year      = {2006}
}

@inproceedings{BD06,
	Author = {Ronen I. Brafman and Carmel Domshlak},
	Bibsource = {DBLP, http://dblp.uni-trier.de},
	Booktitle = {AAAI},
	Date-Added = {2017-08-30 09:23:13 +0000},
	Date-Modified = {2017-08-30 09:23:21 +0000},
	Title = {Factored Planning: How, When, and When Not},
	Year = {2006}}

@article{STRIPS,
	Author = {R. E. Fikes and N. Nilsson},
	Date-Added = {2017-08-30 08:48:30 +0000},
	Date-Modified = {2017-08-30 08:48:38 +0000},
	Journal = {Aritificial Intelligence},
	Pages = {189-208},
	Title = {{STRIPS}: A New Approach to the Application of Theorem Proving to Problem Solving},
	Volume = {2},
	Year = {1971}}

@inproceedings{BB97,
	Author = {C. Boutilier and R.~I.~Brafman},
	Booktitle = {Proc. of the 14th National Conference on AI (AAAI '97)},
	Date-Added = {2017-08-30 08:46:42 +0000},
	Date-Modified = {2017-08-30 08:46:42 +0000},
	Pages = {720--726},
	Title = {Planning with Concurrent Interacting Actions},
	Year = {1997}}

@inproceedings{CJR14,
	Author = {Matthew Crosby and Anders Jonsson and Michael Rovatsos},
	Bibsource = {dblp computer science bibliography, http://dblp.org},
	Biburl = {http://dblp.uni-trier.de/rec/bib/conf/ecai/CrosbyJR14},
	Booktitle = {{ECAI} 2014 - 21st European Conference on Artificial Intelligence, 18-22 August 2014, Prague, Czech Republic - Including Prestigious Applications of Intelligent Systems {(PAIS} 2014)},
	Date-Added = {2017-08-30 08:45:20 +0000},
	Date-Modified = {2017-08-30 08:45:39 +0000},
	Doi = {10.3233/978-1-61499-419-0-237},
	Pages = {237--242},
	Timestamp = {Thu, 11 Sep 2014 16:14:08 +0200},
	Title = {A Single-Agent Approach to Multiagent Planning},
	Url = {http://dx.doi.org/10.3233/978-1-61499-419-0-237},
	Year = {2014},
	Bdsk-Url-1 = {http://dx.doi.org/10.3233/978-1-61499-419-0-237}}

@article{Poole97,
	Author = {D.~Poole},
	Date-Added = {2017-08-28 13:36:16 +0000},
	Date-Modified = {2017-08-28 13:36:16 +0000},
	Journal = {Artificial Intelligence},
	Number = {1-2},
	Pages = {7-56},
	Title = {The Independent Choice Logic for Modelling Multiple Agents Under Uncertainty},
	Volume = {94},
	Year = {1997}}

@inproceedings{MBS17,
	Author = {S.~Maliah and R. I. Brafman and G. Shani},
	Booktitle = {ICAPS'17},
	Title = {Increased Privacy with Reduced Communication in Multi-Agent Planning},
	Year = {2017}}

@article{FD,
	Acmid = {1622565},
	Address = {USA},
	Author = {M.~Helmert},
	Issn = {1076-9757},
	Issue_Date = {May 2006},
	Journal = {J. Artif. Int. Res.},
	Month = jul,
	Number = {1},
	Numpages = {56},
	Pages = {191--246},
	Publisher = {AI Access Foundation},
	Title = {The Fast Downward Planning System},
	Url = {http://dl.acm.org/citation.cfm?id=1622559.1622565},
	Volume = {26},
	Year = {2006},
	Bdsk-Url-1 = {http://dl.acm.org/citation.cfm?id=1622559.1622565}}

@incollection{Reiter-SitCalc,
	Author = {R. Reiter},
	Booktitle = {AI and Mathematical Theory of Computation: papers in honour of John McCarthy},
	Date-Added = {2012-05-24 14:55:47 +0300},
	Date-Modified = {2012-05-24 14:57:53 +0300},
	Editor = {V. Lifshitz},
	Pages = {359-380},
	Title = {The Frame Problem in the Situation Calculus: a simple solution (sometimes) and a completeness result for goal regression},
	Year = {1991}}

@inproceedings{LinS92,
	Author = {Fangzhen Lin and Yoav Shoham},
	Bibsource = {dblp computer science bibliography, http://dblp.org},
	Biburl = {http://dblp.org/rec/bib/conf/aaai/LinS92},
	Booktitle = {Proceedings of the 10th National Conference on Artificial Intelligence. San Jose, CA, July 12-16, 1992.},
	Pages = {590--595},
	Timestamp = {Tue, 11 Dec 2012 17:40:42 +0100},
	Title = {Concurrent Actions in the Situation Calculus},
	Url = {http://www.aaai.org/Library/AAAI/1992/aaai92-091.php},
	Year = {1992},
	Bdsk-Url-1 = {http://www.aaai.org/Library/AAAI/1992/aaai92-091.php}}

@article{BaralG97,
	Author = {Chitta Baral and Michael Gelfond},
	Bibsource = {dblp computer science bibliography, http://dblp.org},
	Biburl = {http://dblp.org/rec/bib/journals/jlp/BaralG97},
	Doi = {10.1016/S0743-1066(96)00140-9},
	Journal = {J. Log. Program.},
	Number = {1-3},
	Pages = {85--117},
	Timestamp = {Sun, 28 May 2017 13:17:34 +0200},
	Title = {Reasoning About Effects of Concurrent Actions},
	Url = {https://doi.org/10.1016/S0743-1066(96)00140-9},
	Volume = {31},
	Year = {1997},
	Bdsk-Url-1 = {https://doi.org/10.1016/S0743-1066(96)00140-9},
	Bdsk-Url-2 = {http://dx.doi.org/10.1016/S0743-1066(96)00140-9}}

@article{Hoffmann2001,
	Author = {Hoffmann, J\"{o}rg and Nebel, Bernhard},
	Journal = {J. Artif. Int. Res.},
	Number = {1},
	Pages = {253--302},
	Title = {The {FF} planning system: fast plan generation through heuristic search},
	Volume = {14},
	Year = {2001}}
    
    
@article{RHN06,
  author    = {Jussi Rintanen and
               Keijo Heljanko and
               Ilkka Niemel{\"{a}}},
  title     = {Planning as satisfiability: parallel plans and algorithms for plan
               search},
  journal   = {Artificial Intelligence},
  volume    = {170},
  number    = {12-13},
  pages     = {1031--1080},
  year      = {2006},

}

@inproceedings{DNK97,
  author    = {Yannis Dimopoulos and
               Bernhard Nebel and
               Jana Koehler},
  title     = {Encoding Planning Problems in Nonmonotonic Logic Programs},
  booktitle = {Recent Advances in {AI} Planning, 4th European Conference on Planning,
               ECP'97, Toulouse, France, September 24-26, 1997, Proceedings},
  pages     = {169--181},
  year      = {1997},
}

@book{ abelson-et-al:scheme,
  author = "Harold Abelson and Gerald~Jay Sussman and Julie Sussman",
  title = "Structure and Interpretation of Computer Programs",
  publisher = "MIT Press",
  address = "Cambridge, Massachusetts",
  year = "1985"
}

@inproceedings{ bgf:Lixto,
  author = "Robert Baumgartner and Georg Gottlob and Sergio Flesca",
  title = "Visual Information Extraction with {Lixto}",
  booktitle = "Proceedings of the 27th International Conference on Very Large Databases",
  pages = "119--128",
  publisher = "Morgan Kaufmann",
  address = "Rome, Italy",
  month = "September",
  year = "2001"
}

@article{ brachman-schmolze:kl-one,
  author = "Ronald~J. Brachman and James~G. Schmolze",
  title = "An overview of the {KL-ONE} knowledge representation system",
  journal = "Cognitive Science",
  volume = "9",
  number = "2",
  pages = "171--216",
  month = "April--June",
  year = "1985"
}

@article{ gottlob:nonmon,
  author = "Georg Gottlob",
  title = "Complexity results for nonmonotonic logics",
  journal = "Journal of Logic and Computation",
  volume = "2",
  number = "3",
  pages = "397--425",
  month = "June",
  year = "1992"
}

@article{ gls:hypertrees,
  author = "Georg Gottlob and Nicola Leone and Francesco Scarcello",
  title = "Hypertree Decompositions and Tractable Queries",
  journal = "Journal of Computer and System Sciences",
  volume = "64",
  number = "3",
  pages = "579--627",
  month = "May",
  year = "2002"
}

@article{ levesque:functional-foundations,
  author = "Hector~J. Levesque",
  title = "Foundations of a functional approach to knowledge representation",
  journal = "Artificial Intelligence",
  volume = "23",
  number = "2",
  pages = "155--212",
  month = "July",
  year = "1984"
}

@inproceedings{ levesque:belief,
  author = "Hector~J. Levesque",
  title = "A logic of implicit and explicit belief",
  booktitle = "Proceedings of the Fourth National Conference on Artificial Intelligence",
  publisher = "American Association for Artificial Intelligence",
  pages = "198--202",
  address = "Austin, Texas",
  month = "August",
  year = "1984"
}

@article{ nebel:jair-2000,
  author = "Bernhard Nebel",
  title = "On the compilability and expressive power of propositional planning formalisms",
  journal = "Journal of Artificial Intelligence Research",
  volume = "12",
  pages = "271--315",
  year = "2000"
}

 @misc{proceedings,
  author = {{IJCAI Proceedings}},
  title = {{IJCAI} Camera Ready Submission},
  howpublished = {\url{https://proceedings.ijcai.org/info}},
}


@inproceedings{ChevaleyreELM2007,
  title={A short introduction to computational social choice},
  author={Chevaleyre, Yann and Endriss, Ulle and Lang, J{\'e}r{\^o}me and Maudet, Nicolas},
  booktitle={International Conference on Current Trends in Theory and Practice of Computer Science},
  pages={51--69},
  year={2007}
}

@article{atzmon2020robust,
  title={Robust multi-agent path finding and executing},
  author={Atzmon, Dor and Stern, Roni and Felner, Ariel and Wagner, Glenn and Bart{\'a}k, Roman and Zhou, Neng-Fa},
  journal={Journal of Artificial Intelligence Research},
  volume={67},
  pages={549--579},
  year={2020}
}

@inproceedings{BolanderEMN18,
  author    = {Thomas Bolander and
               Thorsten Engesser and
               Robert Mattm{\"{u}}ller and
               Bernhard Nebel},
  title     = {Better Eager Than Lazy? How Agent Types Impact the Successfulness
               of Implicit Coordination},
  booktitle = {Principles of Knowledge Representation and Reasoning (KR)},
  pages     = {445--453},
  year      = {2018}
}

@article{PalaciosG09,
  author    = {H{\'{e}}ctor Palacios and
               Hector Geffner},
  title     = {Compiling Uncertainty Away in Conformant Planning Problems with Bounded
               Width},
  journal   = {J. Artif. Intell. Res.},
  volume    = {35},
  pages     = {623--675},
  year      = {2009}
}

@inproceedings{FelnerLB00KK18,
  author    = {Ariel Felner and
               Jiaoyang Li and
               Eli Boyarski and
               Hang Ma and
               Liron Cohen and
               T. K. Satish Kumar and
               Sven Koenig},
  title     = {Adding Heuristics to Conflict-Based Search for Multi-Agent Path Finding},
  booktitle = {Proceedings of the Twenty-Eighth International Conference on Automated
               Planning and Scheduling, {ICAPS} 2018, Delft, The Netherlands, June
               24-29, 2018.},
  pages     = {83--87},
  year      = {2018}
  }

@article{HoffmannB06,
  author    = {J{\"{o}}rg Hoffmann and
               Ronen I. Brafman},
  title     = {Conformant planning via heuristic forward search: {A} new approach},
  journal   = {Artificial Intelligence},
  volume    = {170},
  number    = {6-7},
  pages     = {507--541},
  year      = {2006}
}

@article{CimattiDMRS18,
  author    = {Alessandro Cimatti and
               Minh Do and
               Andrea Micheli and
               Marco Roveri and
               David E. Smith},
  title     = {Strong temporal planning with uncontrollable durations},
  journal   = {Artificial Intelligence},
  volume    = {256},
  pages     = {1--34},
  year      = {2018}
  }

  
  @inproceedings{0001KK17,
    title={Multi-Agent Path Finding with Delay Probabilities},
    author={H. Ma and S. Kumar and S. Koenig},
    booktitle={the {AAAI} Conference on Artificial Intelligence (AAAI)},
    pages={3605--3612},
    year={2017}
}

@inproceedings{WurmanDM07,
  author    = {Peter R. Wurman and
               Raffaello D'Andrea and
               Mick Mountz},
  title     = {Coordinating Hundreds of Cooperative, Autonomous Vehicles in Warehouses},
  booktitle = {the {AAAI} Conference on Artificial Intelligence (AAAI)},
  pages     = {1752--1760},
  year      = {2007}
  }

@inproceedings{Silver05,
  author    = {David Silver},
  title     = {Cooperative Pathfinding},
  booktitle = {the First Artificial Intelligence and Interactive Digital
               Entertainment Conference},
  pages     = {117--122},
  year      = {2005}
}


@inproceedings{VelosoBCR15,
  author    = {Manuela M. Veloso and
               Joydeep Biswas and
               Brian Coltin and
               Stephanie Rosenthal},
  title     = {CoBots: Robust Symbiotic Autonomous Mobile Service Robots},
  booktitle = {the International Joint Conference on
               Artificial Intelligence (IJCAI)},
  pages     = {4423--4429},
  year      = {2015}
}


@inproceedings{MorrisPLMMKK16,
  author    = {Morris, Robert and
               Pasareanu, Corina S. and
               Luckow , Kasper S{\o}e and
               Malik, Waqar and
               Ma, Hang and
               Kumar, Satish T. K. and
               Koenig, Sven},
  title     = {Planning, Scheduling and Monitoring for Airport Surface Operations},
  booktitle = {Planning for Hybrid Systems, Papers from the 2016 {AAAI} Workshop},
  year      = {2016}
}

%%%%%%%%%%%%%%%%%%%%
@article{Graphplan,
	Author = {A.~Blum and M.~L.~Furst},
	Date-Added = {2017-11-01 19:56:32 +0000},
	Date-Modified = {2017-11-01 19:56:32 +0000},
	Journal = {Artificial Intelligence},
	Pages = {281--300},
	Title = {Fast planning through planning graph analysis},
	Volume = {90},
	Year = {1997}}

@inproceedings{BD06,
	Author = {Ronen I. Brafman and Carmel Domshlak},
	Bibsource = {DBLP, http://dblp.uni-trier.de},
	Booktitle = {AAAI},
	Date-Added = {2017-08-30 09:23:13 +0000},
	Date-Modified = {2017-08-30 09:23:21 +0000},
	Title = {Factored Planning: How, When, and When Not},
	Year = {2006}}

@article{MSS17,
	Author = {Shlomi Maliah and Guy Shani and Roni Stern},
	Bibsource = {dblp computer science bibliography, http://dblp.org},
	Biburl = {http://dblp.uni-trier.de/rec/bib/journals/aamas/MaliahSS17},
	Date-Added = {2017-08-30 08:58:08 +0000},
	Date-Modified = {2017-08-30 08:58:18 +0000},
	Doi = {10.1007/s10458-016-9333-9},
	Journal = {Autonomous Agents and Multi-Agent Systems},
	Number = {3},
	Pages = {493--530},
	Timestamp = {Sat, 20 May 2017 00:23:00 +0200},
	Title = {Collaborative privacy preserving multi-agent planning - Planners and heuristics},
	Url = {https://doi.org/10.1007/s10458-016-9333-9},
	Volume = {31},
	Year = {2017},
	Bdsk-Url-1 = {https://doi.org/10.1007/s10458-016-9333-9},
	Bdsk-Url-2 = {http://dx.doi.org/10.1007/s10458-016-9333-9}}

@article{NB14,
	Author = {Raz Nissim and Ronen I. Brafman},
	Bibsource = {dblp computer science bibliography, http://dblp.org},
	Biburl = {http://dblp.uni-trier.de/rec/bib/journals/jair/NissimB14},
	Date-Added = {2017-08-30 08:53:54 +0000},
	Date-Modified = {2017-08-30 08:54:15 +0000},
	Doi = {10.1613/jair.4295},
	Journal = {J. Artif. Intell. Res.},
	Pages = {293--332},
	Timestamp = {Wed, 21 Jun 2017 14:58:51 +0200},
	Title = {Distributed Heuristic Forward Search for Multi-agent Planning},
	Url = {https://doi.org/10.1613/jair.4295},
	Volume = {51},
	Year = {2014},
	Bdsk-Url-1 = {https://doi.org/10.1613/jair.4295},
	Bdsk-Url-2 = {http://dx.doi.org/10.1613/jair.4295}}

@inproceedings{BZ14,
	Author = {R. I. Brafman and U. Zoran},
	Booktitle = {Proc. of the 2nd ICAPS Workshop on Distributed and Multi-Agent Planning},
	Date-Added = {2017-08-30 08:49:34 +0000},
	Date-Modified = {2017-08-30 08:49:34 +0000},
	Title = {Distributed Heuristic Forward Search with Interacting Actions},
	Year = {2014}}

@article{STRIPS,
	Author = {R. E. Fikes and N. Nilsson},
	Date-Added = {2017-08-30 08:48:30 +0000},
	Date-Modified = {2017-08-30 08:48:38 +0000},
	Journal = {Aritificial Intelligence},
	Pages = {189-208},
	Title = {{STRIPS}: A New Approach to the Application of Theorem Proving to Problem Solving},
	Volume = {2},
	Year = {1971}}

@inproceedings{BB97,
	Author = {C. Boutilier and R.~I.~Brafman},
	Booktitle = {Proc. of the 14th National Conference on AI (AAAI '97)},
	Date-Added = {2017-08-30 08:46:42 +0000},
	Date-Modified = {2017-08-30 08:46:42 +0000},
	Pages = {720--726},
	Title = {Planning with Concurrent Interacting Actions},
	Year = {1997}}

@inproceedings{CJR14,
	Author = {Matthew Crosby and Anders Jonsson and Michael Rovatsos},
	Bibsource = {dblp computer science bibliography, http://dblp.org},
	Biburl = {http://dblp.uni-trier.de/rec/bib/conf/ecai/CrosbyJR14},
	Booktitle = {{ECAI} 2014 - 21st European Conference on Artificial Intelligence, 18-22 August 2014, Prague, Czech Republic - Including Prestigious Applications of Intelligent Systems {(PAIS} 2014)},
	Date-Added = {2017-08-30 08:45:20 +0000},
	Date-Modified = {2017-08-30 08:45:39 +0000},
	Doi = {10.3233/978-1-61499-419-0-237},
	Pages = {237--242},
	Timestamp = {Thu, 11 Sep 2014 16:14:08 +0200},
	Title = {A Single-Agent Approach to Multiagent Planning},
	Url = {http://dx.doi.org/10.3233/978-1-61499-419-0-237},
	Year = {2014},
	Bdsk-Url-1 = {http://dx.doi.org/10.3233/978-1-61499-419-0-237}}

@article{Poole97,
	Author = {D.~Poole},
	Date-Added = {2017-08-28 13:36:16 +0000},
	Date-Modified = {2017-08-28 13:36:16 +0000},
	Journal = {Artificial Intelligence},
	Number = {1-2},
	Pages = {7-56},
	Title = {The Independent Choice Logic for Modelling Multiple Agents Under Uncertainty},
	Volume = {94},
	Year = {1997}}

@inproceedings{MBS17,
	Author = {S.~Maliah and R. I. Brafman and G. Shani},
	Booktitle = {ICAPS'17},
	Title = {Increased Privacy with Reduced Communication in Multi-Agent Planning},
	Year = {2017}}

@article{FD,
	Acmid = {1622565},
	Address = {USA},
	Author = {M.~Helmert},
	Issn = {1076-9757},
	Issue_Date = {May 2006},
	Journal = {J. Artif. Int. Res.},
	Month = jul,
	Number = {1},
	Numpages = {56},
	Pages = {191--246},
	Publisher = {AI Access Foundation},
	Title = {The Fast Downward Planning System},
	Url = {http://dl.acm.org/citation.cfm?id=1622559.1622565},
	Volume = {26},
	Year = {2006},
	Bdsk-Url-1 = {http://dl.acm.org/citation.cfm?id=1622559.1622565}}

@incollection{Reiter-SitCalc,
	Author = {R. Reiter},
	Booktitle = {AI and Mathematical Theory of Computation: papers in honour of John McCarthy},
	Date-Added = {2012-05-24 14:55:47 +0300},
	Date-Modified = {2012-05-24 14:57:53 +0300},
	Editor = {V. Lifshitz},
	Pages = {359-380},
	Title = {The Frame Problem in the Situation Calculus: a simple solution (sometimes) and a completeness result for goal regression},
	Year = {1991}}

@inproceedings{LinS92,
	Author = {Fangzhen Lin and Yoav Shoham},
	Bibsource = {dblp computer science bibliography, http://dblp.org},
	Biburl = {http://dblp.org/rec/bib/conf/aaai/LinS92},
	Booktitle = {Proceedings of the 10th National Conference on Artificial Intelligence. San Jose, CA, July 12-16, 1992.},
	Pages = {590--595},
	Timestamp = {Tue, 11 Dec 2012 17:40:42 +0100},
	Title = {Concurrent Actions in the Situation Calculus},
	Url = {http://www.aaai.org/Library/AAAI/1992/aaai92-091.php},
	Year = {1992},
	Bdsk-Url-1 = {http://www.aaai.org/Library/AAAI/1992/aaai92-091.php}}

@article{BaralG97,
	Author = {Chitta Baral and Michael Gelfond},
	Bibsource = {dblp computer science bibliography, http://dblp.org},
	Biburl = {http://dblp.org/rec/bib/journals/jlp/BaralG97},
	Doi = {10.1016/S0743-1066(96)00140-9},
	Journal = {J. Log. Program.},
	Number = {1-3},
	Pages = {85--117},
	Timestamp = {Sun, 28 May 2017 13:17:34 +0200},
	Title = {Reasoning About Effects of Concurrent Actions},
	Url = {https://doi.org/10.1016/S0743-1066(96)00140-9},
	Volume = {31},
	Year = {1997},
	Bdsk-Url-1 = {https://doi.org/10.1016/S0743-1066(96)00140-9},
	Bdsk-Url-2 = {http://dx.doi.org/10.1016/S0743-1066(96)00140-9}}

@article{Hoffmann2001,
	Author = {Hoffmann, J\"{o}rg and Nebel, Bernhard},
	Journal = {J. Artif. Int. Res.},
	Number = {1},
	Pages = {253--302},
	Title = {The {FF} planning system: fast plan generation through heuristic search},
	Volume = {14},
	Year = {2001}}
    
    
@article{RHN06,
  author    = {Jussi Rintanen and
               Keijo Heljanko and
               Ilkka Niemel{\"{a}}},
  title     = {Planning as satisfiability: parallel plans and algorithms for plan
               search},
  journal   = {Artificial Intelligence},
  volume    = {170},
  number    = {12-13},
  pages     = {1031--1080},
  year      = {2006},

}

@inproceedings{DNK97,
  author    = {Yannis Dimopoulos and
               Bernhard Nebel and
               Jana Koehler},
  title     = {Encoding Planning Problems in Nonmonotonic Logic Programs},
  booktitle = {Recent Advances in {AI} Planning, 4th European Conference on Planning,
               ECP'97, Toulouse, France, September 24-26, 1997, Proceedings},
  pages     = {169--181},
  year      = {1997},
}

@book{ abelson-et-al:scheme,
  author = "Harold Abelson and Gerald~Jay Sussman and Julie Sussman",
  title = "Structure and Interpretation of Computer Programs",
  publisher = "MIT Press",
  address = "Cambridge, Massachusetts",
  year = "1985"
}

@inproceedings{ bgf:Lixto,
  author = "Robert Baumgartner and Georg Gottlob and Sergio Flesca",
  title = "Visual Information Extraction with {Lixto}",
  booktitle = "Proceedings of the 27th International Conference on Very Large Databases",
  pages = "119--128",
  publisher = "Morgan Kaufmann",
  address = "Rome, Italy",
  month = "September",
  year = "2001"
}

@article{ brachman-schmolze:kl-one,
  author = "Ronald~J. Brachman and James~G. Schmolze",
  title = "An overview of the {KL-ONE} knowledge representation system",
  journal = "Cognitive Science",
  volume = "9",
  number = "2",
  pages = "171--216",
  month = "April--June",
  year = "1985"
}

@article{ gottlob:nonmon,
  author = "Georg Gottlob",
  title = "Complexity results for nonmonotonic logics",
  journal = "Journal of Logic and Computation",
  volume = "2",
  number = "3",
  pages = "397--425",
  month = "June",
  year = "1992"
}

@article{ gls:hypertrees,
  author = "Georg Gottlob and Nicola Leone and Francesco Scarcello",
  title = "Hypertree Decompositions and Tractable Queries",
  journal = "Journal of Computer and System Sciences",
  volume = "64",
  number = "3",
  pages = "579--627",
  month = "May",
  year = "2002"
}

@article{ levesque:functional-foundations,
  author = "Hector~J. Levesque",
  title = "Foundations of a functional approach to knowledge representation",
  journal = "Artificial Intelligence",
  volume = "23",
  number = "2",
  pages = "155--212",
  month = "July",
  year = "1984"
}

@inproceedings{ levesque:belief,
  author = "Hector~J. Levesque",
  title = "A logic of implicit and explicit belief",
  booktitle = "Proceedings of the Fourth National Conference on Artificial Intelligence",
  publisher = "American Association for Artificial Intelligence",
  pages = "198--202",
  address = "Austin, Texas",
  month = "August",
  year = "1984"
}

@article{ nebel:jair-2000,
  author = "Bernhard Nebel",
  title = "On the compilability and expressive power of propositional planning formalisms",
  journal = "Journal of Artificial Intelligence Research",
  volume = "12",
  pages = "271--315",
  year = "2000"
}


@inproceedings{stern2019multiagent,
  author    = {Roni Stern and
               Nathan R. Sturtevant and
               Ariel Felner and
               Sven Koenig and
               Hang Ma and
               Thayne T. Walker and
               Jiaoyang Li and
               Dor Atzmon and
               Liron Cohen and
               T. K. Satish Kumar and
               Roman Bart{\'{a}}k and
               Eli Boyarski},
  title     = {Multi-Agent Pathfinding: Definitions, Variants, and Benchmarks},
  booktitle = {the International Symposium on Combinatorial Search (SoCS)},
  pages     = {151--159},
  year      = {2019}
}


@inproceedings{atzmon2020probabilistic,
  title={Probabilistic robust multi-agent path finding},
  author={Atzmon, Dor and Stern, Roni and Felner, Ariel and Sturtevant, Nathan R and Koenig, Sven},
  booktitle={the International Conference on Automated Planning and Scheduling (ICAPS)},
  pages={29--37},
  year={2020}
}




@article{bernstein2002complexity,
  title={The complexity of decentralized control of Markov decision processes},
  author={Bernstein, Daniel S and Givan, Robert and Immerman, Neil and Zilberstein, Shlomo},
  journal={Mathematics of operations research},
  volume={27},
  number={4},
  pages={819--840},
  year={2002}
}

@article{vc71,
  author = {V. Vapnik and A. Chervonenkis},
  title = {On the uniform convergence of relative frequencies of events to their probabilities},
  journal = {Theory of Probability and its Applications}, 
  volume = {16},
  number = {2},
  pages = {264--280},
  year = {1971}
}

@book{vc74,
  title={Theory of pattern recognition},
  author={Vapnik, Vladimir and Chervonenkis, Alexey},
  year={1974},
  publisher={Nauka, Moscow}
}

@article{li2001improved,
  title={Improved bounds on the sample complexity of learning},
  author={Li, Yi and Long, Philip M and Srinivasan, Aravind},
  journal={Journal of Computer and System Sciences},
  volume={62},
  number={3},
  pages={516--527},
  year={2001},
  publisher={Elsevier Science}
}

@article{anthony1993result,
  title={A result of Vapnik with applications},
  author={Anthony, Martin and Shawe-Taylor, John},
  journal={Discrete Applied Mathematics},
  volume={47},
  number={3},
  pages={207--217},
  year={1993},
  publisher={Elsevier}
}

@article{hanneke2016optimal,
  title={The optimal sample complexity of PAC learning},
  author={Hanneke, Steve},
  journal={The Journal of Machine Learning Research},
  volume={17},
  number={1},
  pages={1319--1333},
  year={2016}
}

@book{ab99,
 author = {Martin Anthony and Peter Bartlett},
 title = {Neural Network Learning: Theoretical Foundations},
 publisher = {Cambridge University Press},
 address = {Cambridge},
 year = {1999}
}


@inproceedings{AtzmonDR19,
  author    = {Dor Atzmon and
               Amit Diei and
               Daniel Rave},
  title     = {Multi-Train Path Finding},
  booktitle = {the International Symposium on Combinatorial Search (SoCS)},
  pages     = {125--129},
  year      = {2019}
}


@inproceedings{wagner2017path,
  author    = {Glenn Wagner and
               Howie Choset},
  title     = {Path Planning for Multiple Agents under Uncertainty},
  booktitle = {the  International Conference on Automated Planning and Scheduling ({ICAPS})},
  pages     = {577--585},
  year      = {2017}
}




@inproceedings{branch-cut_price,
  author    = {Edward Lam and
               Pierre Le Bodic and
               Daniel Harabor and
               Peter J. Stuckey},
  title     = {Branch-and-Cut-and-Price for Multi-Agent Pathfinding},
  booktitle = {the International Joint Conference on
               Artificial Intelligence {(IJCAI)}},
  pages     = {1289--1296},
  year      = {2019}
}



@inproceedings{lazy-cbs,
  author    = {Graeme Gange and
               Daniel Harabor and
               Peter J. Stuckey},
  title     = {Lazy {CBS:} Implicit Conflict-Based Search Using Lazy Clause Generation},
  booktitle = {the International Conference on Automated
               Planning and Scheduling ({ICAPS})},
  pages     = {155--162},
  year      = {2019}
}


@inproceedings{vsvancara2019online,
  title={Online multi-agent pathfinding},
  author={{\v{S}}vancara, Ji{\v{r}}{\'\i} and Vlk, Marek and Stern, Roni and Atzmon, Dor and Bart{\'a}k, Roman},
  booktitle={the AAAI Conference on Artificial Intelligence ({AAAI})},
  volume={33},
  pages={7732--7739},
  year={2019}
}



@inproceedings{erdem2013general,
  title={A general formal framework for pathfinding problems with multiple agents},
  author={Erdem, Esra and Kisa, Doga Gizem and Oztok, Umut and Sch{\"u}ller, Peter},
  booktitle={AAAI Conference on Artificial Intelligence},
  year={2013}
}



@inproceedings{bartak2017modeling,
  title={Modeling and solving the multi-agent pathfinding problem in picat},
  author={Bart{\'a}k, Roman and Zhou, Neng-Fa and Stern, Roni and Boyarski, Eli and Surynek, Pavel},
  booktitle={IEEE International Conference on Tools with Artificial Intelligence (ICTAI)},
  pages={959--966},
  year={2017}
  }
  
  @inproceedings{surynek2012towards,
  title={Towards optimal cooperative path planning in hard setups through satisfiability solving},
  author={Surynek, Pavel},
  booktitle={PRICAI},
  pages={564--576},
  year={2012}
}

@ARTICLE{JYU,
author={J. Yu and S. M. LaValle},
journal={IEEE Transactions on Robotics},
title={Optimal Multirobot Path Planning on Graphs: Complete Algorithms and Effective Heuristics},
year={2016},
volume={PP},
number={99},
pages={1-15}
}


@inproceedings{SurynekFSB16,
  author    = {P. Surynek and
               A. Felner and
               R. Stern and
               E. Boyarski},
  title     = {Efficient {SAT} Approach to Multi-Agent Path Finding Under the Sum
               of Costs Objective},
  booktitle = {ECAI},
  year      = {2016}
}



@inproceedings{BCP,
  author    = {Edward Lam and
               Pierre Le Bodic and
               Daniel Damir Harabor and
               Peter J. Stuckey},
  title     = {Branch-and-Cut-and-Price for Multi-Agent Pathfinding},
  booktitle = {International Joint Conference on Artificial Intelligence ({IJCAI})},
  pages     = {1289--1296},
  year      = {2019}
}


@inproceedings{AndreychukYAS19,
  author    = {Anton Andreychuk and
               Konstantin S. Yakovlev and
               Dor Atzmon and
               Roni Stern},
  title     = {Multi-Agent Pathfinding with Continuous Time},
  booktitle = {the International Joint Conference on
               Artificial Intelligence ({IJCAI})},
  pages     = {39--45},
  year      = {2019}
}

@inproceedings{cohen2019optimal,
  title={Optimal and bounded-suboptimal multi-agent motion planning},
  author={Cohen, Liron and Uras, Tansel and Kumar, TK Satish and Koenig, Sven},
  booktitle={Symposium on Combinatorial Search (SoCS)},
  year={2019}
}

@article{goldenberg2014enhanced,
  title={Enhanced partial expansion A*},
  author={Goldenberg, Meir and Felner, Ariel and Stern, Roni and Sharon, Guni and Sturtevant, Nathan and Holte, Robert C and Schaeffer, Jonathan},
  journal={Journal of Artificial Intelligence Research},
  volume={50},
  pages={141--187},
  year={2014}
}



@inproceedings{walker2020generalized,
  title={Generalized and Sub-Optimal Bipartite Constraints for Conflict-Based Search},
  author={Walker, Thayne T and Sturtevant, Nathan R and Felner, Ariel},
  booktitle={AAAI Conference on Artificial Intelligence},
  volume={34},
  number={05},
  pages={7277--7284},
  year={2020}
}

@inproceedings{wagner2016multirobot,
  title={Multirobot sequential composition},
  author={Wagner, Glenn and Choset, Howie and Siravuru, Avinash},
  booktitle={IEEE/RSJ International Conference on Intelligent Robots and Systems (IROS)},
  pages={2081--2088},
  year={2016}
}