@inproceedings{kitaev2020reformer,
	title       = {{Reformer: The Efficient Transformer}},
	author      = {Nikita Kitaev and Lukasz Kaiser and Anselm Levskaya},
	booktitle   = {ICLR},
	year        = {2020},

}

@InProceedings{katharopoulos20,
	title = 	 {{Transformers are RNNs: Fast Autoregressive Transformers with Linear Attention}},
	author = 	 {Katharopoulos, Angelos and Vyas, Apoorv and Pappas, Nikolaos and Fleuret, Francois},
	booktitle = 	 {ICML},

	year = 	 {2020},
}

@inproceedings{choromanski2021rethinking,
	title={{Rethinking Attention with Performers}},
	author={Krzysztof Marcin Choromanski and Valerii Likhosherstov and David Dohan and Xingyou Song and Andreea Gane and Tamas Sarlos and Peter Hawkins and Jared Quincy Davis and Afroz Mohiuddin and Lukasz Kaiser and David Benjamin Belanger and Lucy J Colwell and Adrian Weller},
	booktitle={ICLR},
	year={2021},
}


@book{ir-book,
	author = {Manning, Christopher D. and Raghavan, Prabhakar and Sch\"{u}tze, Hinrich},
	title = {Introduction to Information Retrieval},
	year = {2008},
	publisher = {Cambridge University Press},
}


@inproceedings{pimentel-etal-2020-information,
    title = "{Information-Theoretic Probing for Linguistic Structure}",
    author = "Pimentel, Tiago  and
      Valvoda, Josef  and
      Hall Maudslay, Rowan  and
      Zmigrod, Ran  and
      Williams, Adina  and
      Cotterell, Ryan",
    booktitle = "{ACL}",
    year = "2020",
}


@inproceedings{radford2019language,
  title={{Language Models are Unsupervised Multitask Learners}},
  author={Radford, Alec and Wu, Jeff and Child, Rewon and Luan, David and Amodei, Dario and Sutskever, Ilya},
  year={2019},
  booktitle= "{Technical Report, OpenAI}"
  
}

@inproceedings{vaswani2017attention,
title = {{Attention is All you Need}},
author = {Vaswani, Ashish and Shazeer, Noam and Parmar, Niki and Uszkoreit, Jakob and Jones, Llion and Gomez, Aidan N and Kaiser, \L ukasz and Polosukhin, Illia},
booktitle = {NeurIPS},
year = {2017},
}


@inproceedings{bender-koller-2020-climbing,
    title = "{Climbing towards {NLU}: {On} Meaning, Form, and Understanding in the Age of Data}",
    author = "Bender, Emily M.  and
      Koller, Alexander",
    booktitle = {ACL},
    year = "2020",
}

@inproceedings{Oshri2015PredictingMI,
  title={{Predicting Moves in Chess using Convolutional Neural Networks}},
  author={Barak Oshri and Nishith Khandwala},
  booktitle = {Stanford CS231n Course Report},
  year={2015}
}

@article{hochreiter1997long,
	author = {Hochreiter, Sepp and Schmidhuber, J{\"u}rgen},
	journal = {Neural computation},
	title = {Long short-term memory},
	volume = 9,
	year = 1997
}

@inproceedings{
	Rae2020Compressive,
	title={{Compressive Transformers for Long-Range Sequence Modelling}},
	author={Jack W. Rae and Anna Potapenko and Siddhant M. Jayakumar and Chloe Hillier and Timothy P. Lillicrap},
	booktitle={ICLR},
	year={2020},
}


@inproceedings{david16deepchess,
	author    = {Eli David and
	Nathan S. Netanyahu and
	Lior Wolf},
	title     = {{DeepChess: End-to-End Deep Neural Network for Automatic Learning in
	Chess}},
	year      = {2016},
	booktitle = {International Conference on Artificial Neural Networks (ICANN)},
}

@article {silver18general,
	author = {Silver, David and Hubert, Thomas and Schrittwieser, Julian and Antonoglou, Ioannis and Lai, Matthew and Guez, Arthur and Lanctot, Marc and Sifre, Laurent and Kumaran, Dharshan and Graepel, Thore and Lillicrap, Timothy and Simonyan, Karen and Hassabis, Demis},
	title = {{A general reinforcement learning algorithm that masters chess, shogi, and Go through self-play}},
	volume = {362},
	number = {6419},
	year = {2018},
	journal = {Science}
}

@inproceedings{Alain2017UnderstandingIL,
	title={Understanding intermediate layers using linear classifier probes},
	author={G. Alain and Yoshua Bengio},
	booktitle={ICLR Workshop},
	year={2017},
}

@inproceedings{ettinger-etal-2016-probing,
	title = "Probing for semantic evidence of composition by means of simple classification tasks",
	author = "Ettinger, Allyson  and
	Elgohary, Ahmed  and
	Resnik, Philip",
	booktitle = "{1st Workshop on Evaluating Vector-Space Representations for NLP}",
	year = "2016",
}


@inproceedings{hewitt-liang-2019-designing,
	title = "{Designing and Interpreting Probes with Control Tasks}",
	author = "Hewitt, John  and
	Liang, Percy",
	booktitle = "EMNLP-IJCNLP",
	year = "2019",
}

@inproceedings{chen2017quadruplet,
author = {Chen, Weihua and Chen, Xiaotang and Zhang, Jianguo and Huang, Kaiqi},
year = {2017},
booktitle = {CVPR},
title = {{Beyond Triplet Loss: A Deep Quadruplet Network for Person Re-identification}},
}


@misc{brown2020language,
      title={{Language Models are Few-Shot Learners}},
      author={Tom B. Brown and Benjamin Mann and Nick Ryder and Melanie Subbiah and Jared Kaplan and Prafulla Dhariwal and Arvind Neelakantan and Pranav Shyam and Girish Sastry and Amanda Askell and Sandhini Agarwal and Ariel Herbert-Voss and Gretchen Krueger and Tom Henighan and Rewon Child and Aditya Ramesh and Daniel M. Ziegler and Jeffrey Wu and Clemens Winter and Christopher Hesse and Mark Chen and Eric Sigler and Mateusz Litwin and Scott Gray and Benjamin Chess and Jack Clark and Christopher Berner and Sam McCandlish and Alec Radford and Ilya Sutskever and Dario Amodei},
      year={2020},
      eprint={2005.14165},
      archivePrefix={arXiv},
      primaryClass={cs.CL}
}


@inproceedings{devlin-etal-2019-bert,
    title = "{{BERT}: Pre-training of Deep Bidirectional Transformers for Language Understanding}",
    author = "Devlin, Jacob  and
      Chang, Ming-Wei  and
      Lee, Kenton  and
      Toutanova, Kristina",
    booktitle = "NAACL",
    year = "2019",
}

@inproceedings{adi17probing,
  author    = {Yossi Adi and
               Einat Kermany and
               Yonatan Belinkov and
               Ofer Lavi and
               Yoav Goldberg},
  title     = {{Fine-grained Analysis of Sentence Embeddings Using Auxiliary Prediction Tasks}},
  booktitle = {ICLR},
  year      = {2017},
}


@inproceedings{tenney2019probing,
title	= {{What do you learn from context? Probing for sentence structure in contextualized word representations}},
author	= {Ian Tenney and Patrick Xia and Berlin Chen and Alex Wang and Adam Poliak and R. Thomas McCoy and Najoung Kim and Benjamin Van Durme and Samuel R. Bowman and Dipanjan Das and Ellie Pavlick},
year	= {2019},
booktitle	= {ICLR},
}

@inproceedings{kingma2014adam,
	Author = {Kingma, Diederik P. and Ba, Jimmy},
	Booktitle = {ICLR},
	Date-Added = {2018-06-10 17:54:58 +0000},
	Date-Modified = {2019-07-24 22:58:01 -0400},
	Journal = {arXiv preprint arXiv:1412.6980},
	Title = {Adam: A method for stochastic optimization},
	Year = {2014}
}


@article{python-chess,
  author = {Niklas Fiekas},
  title = {{python-chess: a chess library for Python}},
  journal   = {https://github.com/niklasf/python-chess},
  publisher = {GitHub},
  year = {2012},
}

@inproceedings{micikevicius2018mixed,
title={{Mixed Precision Training}},
author={Paulius Micikevicius and Sharan Narang and Jonah Alben and Gregory Diamos and Erich Elsen and David Garcia and Boris Ginsburg and Michael Houston and Oleksii Kuchaiev and Ganesh Venkatesh and Hao Wu},
booktitle={{ICLR}},
year={2018},
}


@article{falcon2019pytorch,
  title={PyTorch Lightning},
  author={William {Falcon et al.}},
  publisher = {GitHub},
  journal = {https://github.com/PyTorchLightning/pytorch-lightning},  
  year={2019}
}

@inproceedings{pytorch,
title = {{PyTorch: An Imperative Style, High-Performance Deep Learning Library}},
author = {Paszke, Adam and Gross, Sam and Massa, Francisco and Lerer, Adam and Bradbury, James and Chanan, Gregory and Killeen, Trevor and Lin, Zeming and Gimelshein, Natalia and Antiga, Luca and Desmaison, Alban and Kopf, Andreas and Yang, Edward and DeVito, Zachary and Raison, Martin and Tejani, Alykhan and Chilamkurthy, Sasank and Steiner, Benoit and Fang, Lu and Bai, Junjie and Chintala, Soumith},
booktitle = {NeurIPS},
year = {2019},
}


@article{Wolf2019HuggingFacesTS,
  title={HuggingFace's Transformers: State-of-the-art Natural Language Processing},
  author={Thomas Wolf and Lysandre Debut and Victor Sanh and Julien Chaumond and Clement Delangue and Anthony Moi and Pierric Cistac and Tim Rault and RÃ©mi Louf and Morgan Funtowicz and Joe Davison and Sam Shleifer and Patrick von Platen and Clara Ma and Yacine Jernite and Julien Plu and Canwen Xu and Teven Le Scao and Sylvain Gugger and Mariama Drame and Quentin Lhoest and Alexander M. Rush},
  journal={ArXiv},
  year={2019},
  volume={abs/1910.03771}
}

@article{hermann17grounded,
  author    = {Karl Moritz Hermann and
               Felix Hill and
               Simon Green and
               Fumin Wang and
               Ryan Faulkner and
               Hubert Soyer and
               David Szepesvari and
               Wojciech Marian Czarnecki and
               Max Jaderberg and
               Denis Teplyashin and
               Marcus Wainwright and
               Chris Apps and
               Demis Hassabis and
               Phil Blunsom},
  title     = {{Grounded Language Learning in a Simulated 3D World}},
  journal   = {CoRR},
  volume    = {abs/1706.06551},
  year      = {2017},
  eprint    = {1706.06551},
 }

@article{hill17understanding,
  author    = {Felix Hill and
               Karl Moritz Hermann and
               Phil Blunsom and
               Stephen Clark},
  title     = {{Understanding Grounded Language Learning Agents}},
  journal   = {CoRR},
  volume    = {abs/1710.09867},
  year      = {2017},
  url       = {http://arxiv.org/abs/1710.09867},
  archivePrefix = {arXiv},
  eprint    = {1710.09867},
}

@inproceedings{ororbia-etal-2019-like,
	title = "{Like a Baby: Visually Situated Neural Language Acquisition}",
	author = "Ororbia, Alexander  and
	Mali, Ankur  and
	Kelly, Matthew  and
	Reitter, David",
	booktitle = "ACL",
	year = "2019",
}

@misc{weston2015aicomplete,
      title={{Towards AI-Complete Question Answering: A Set of Prerequisite Toy Tasks}},
      author={Jason Weston and Antoine Bordes and Sumit Chopra and Alexander M. Rush and Bart van MerriÃ«nboer and Armand Joulin and Tomas Mikolov},
      year={2015},
      eprint={1502.05698},
      archivePrefix={arXiv},
      primaryClass={cs.AI}
}

@misc{noever2020chess,
      title={The Chess Transformer: Mastering Play using Generative Language Models},
      author={David Noever and Matt Ciolino and Josh Kalin},
      year={2020},
      eprint={2008.04057},
      archivePrefix={arXiv},
      primaryClass={cs.AI}
}

@article{presser2020chess,
  author = {Shawn Presser and Gwern Branwen},
  title = {{A Very Unlikely Chess Game}},
  year = 2020,
  journal = {https://slatestarcodex.com/2020/01/06/a-very-unlikely-chess-game/},
}

@article{cheng2020chess,
  author = {Ricson Cheng},
  title = {{Transformers Play Chess}},
  year = 2020,
  journal = {https://github.com/ricsonc/transformers-play-chess},
}

@inproceedings{weston2014memory,
  title={{Memory Networks}},
  author={Weston, Jason and Chopra, Sumit and Bordes, Antoine},
  booktitle={ICLR},
  year={2015}
}


@article{linzen2016AssessingTA,
	title={{Assessing the Ability of LSTMs to Learn Syntax-Sensitive Dependencies}},
	author={Tal Linzen and Emmanuel Dupoux and Y. Goldberg},
	journal={TACL},
	year={2016},
	volume={4},
}

@article{ziegler19pseudo,
	author    = {Zachary M. Ziegler and
	Luke Melas{-}Kyriazi and
	Sebastian Gehrmann and
	Alexander M. Rush},
	title     = {{Encoder-Agnostic Adaptation for Conditional Language Generation}},
	journal   = {CoRR},
	volume    = {abs/1908.06938},
	year      = {2019},
}

@inproceedings{noji-takamura-2020-analysis,
    title = "{An Analysis of the Utility of Explicit Negative Examples to Improve the Syntactic Abilities of Neural Language Models}",
    author = "Noji, Hiroshi  and
      Takamura, Hiroya",
    booktitle = "ACL",
    year = "2020",
}

@ARTICLE{Marcus93negativeevidence,
    author = {Gary F. Marcus},
    title = {Negative evidence in language acquisition},
    journal = {Cognition},
    year = {1993},
    pages = {53--85}
}

@misc{kaplan2020scaling,
      title={{Scaling Laws for Neural Language Models}},
      author={Jared Kaplan and Sam McCandlish and Tom Henighan and Tom B. Brown and Benjamin Chess and Rewon Child and Scott Gray and Alec Radford and Jeffrey Wu and Dario Amodei},
      year={2020},
      eprint={2001.08361},
      archivePrefix={arXiv},
}


@article{kiros14unifying,
	author    = {Ryan Kiros and
	Ruslan Salakhutdinov and
	Richard S. Zemel},
	title     = {{Unifying Visual-Semantic Embeddings with Multimodal Neural Language
	Models}},
	journal   = {CoRR},
	volume    = {abs/1411.2539},
	year      = {2014},
}

@article{bruni14multimodal,
	author = {Bruni, Elia and Tran, Nam Khanh and Baroni, Marco},
	title = {{Multimodal Distributional Semantics}},
	year = {2014},
	volume = {49},
	number = {1},
	journal = {JAIR},
}

@article{ettinger2020bert,
	author = {Allyson Ettinger},
	title = {{What BERT is Not: Lessons from a New Suite of Psycholinguistic Diagnostics for Language Models}},
	journal = {TACL},
	volume = {8},
	number = {0},
	year = {2020},
}


@inproceedings{mostafazadeh-etal-2017-lsdsem,
	title = "{{LSDSem 2017 Shared Task: The Story Cloze Test}}",
	author = "Mostafazadeh, Nasrin  and
	Roth, Michael  and
	Louis, Annie  and
	Chambers, Nathanael  and
	Allen, James",
	booktitle = "2nd Workshop on Linking Models of Lexical, Sentential and Discourse-level Semantics",
	year = "2017",
}

@inproceedings{mostafazadeh-etal-2016-corpus,
	title = "{A Corpus and Cloze Evaluation for Deeper Understanding of Commonsense Stories}",
	author = "Mostafazadeh, Nasrin  and
	Chambers, Nathanael  and
	He, Xiaodong  and
	Parikh, Devi  and
	Batra, Dhruv  and
	Vanderwende, Lucy  and
	Kohli, Pushmeet  and
	Allen, James",
	booktitle = "NAACL",
	year = "2016",
}

@inproceedings{petroni-etal-2019-language,
	title = "{Language Models as Knowledge Bases?}",
	author = {Petroni, Fabio  and
	Rockt{\"a}schel, Tim  and
	Riedel, Sebastian  and
	Lewis, Patrick  and
	Bakhtin, Anton  and
	Wu, Yuxiang  and
	Miller, Alexander},
	booktitle = "EMNLP-IJCNLP",
	year = "2019",
}

@inproceedings{paperno-etal-2016-lambada,
	title = "{The {LAMBADA} dataset: Word prediction requiring a broad discourse context}",
	author = "Paperno, Denis  and
	Kruszewski, Germ{\'a}n  and
	Lazaridou, Angeliki  and
	Pham, Ngoc Quan  and
	Bernardi, Raffaella  and
	Pezzelle, Sandro  and
	Baroni, Marco  and
	Boleda, Gemma  and
	Fern{\'a}ndez, Raquel",
	booktitle = "ACL",
	year = "2016",
}


@inproceedings{hill2016cbt,
	author = {Hill, Felix and Bordes, Antoine and Chopra, Sumit and Weston, Jason},
	booktitle = {ICLR},
	title = {{The Goldilocks Principle: Reading Children's Books with Explicit Memory Representations.}},
	year = 2016
}

@inproceedings{hermann2015cnn,
	author = {Hermann, Karl Moritz and Ko\v{c}isk\'{y}, Tom\'{a}\v{s} and Grefenstette, Edward and Espeholt, Lasse and Kay, Will and Suleyman, Mustafa and Blunsom, Phil},
	title = {{Teaching Machines to Read and Comprehend}},
	year = {2015},
	booktitle = {NeurIPS},
}


@Article{cote18textworld,
	author = {Marc-Alexandre C\^ot\'e and
	\'Akos K\'ad\'ar and
	Xingdi Yuan and
	Ben Kybartas and
	Tavian Barnes and
	Emery Fine and
	James Moore and
	Ruo Yu Tao and
	Matthew Hausknecht and
	Layla El Asri and
	Mahmoud Adada and
	Wendy Tay and
	Adam Trischler},
	title = {{TextWorld: A Learning Environment for Text-based Games}},
	journal = {CoRR},
	volume = {abs/1806.11532},
	year = {2018}
}

@inproceedings{ha2018worldmodels,
	title = {{Recurrent World Models Facilitate Policy Evolution}},
	author = {Ha, David and Schmidhuber, J{\"u}rgen},
	booktitle = {NeurIPS},
	year = {2018},
}