@String(PAMI = {IEEE Trans. Pattern Anal. Mach. Intell.})
@String(IJCV = {Int. J. Comput. Vis.})
@String(CVPR= {IEEE Conf. Comput. Vis. Pattern Recog.})
@String(ICCV= {Int. Conf. Comput. Vis.})
@String(ECCV= {Eur. Conf. Comput. Vis.})
@String(NIPS= {Adv. Neural Inform. Process. Syst.})
@String(ICPR = {Int. Conf. Pattern Recog.})
@String(BMVC= {Brit. Mach. Vis. Conf.})
@String(TOG= {ACM Trans. Graph.})
@String(TIP  = {IEEE Trans. Image Process.})
@String(TVCG  = {IEEE Trans. Vis. Comput. Graph.})
@String(TMM  = {IEEE Trans. Multimedia})
@String(ACMMM= {ACM Int. Conf. Multimedia})
@String(ICME = {Int. Conf. Multimedia and Expo})
@String(ICASSP=	{ICASSP})
@String(ICIP = {IEEE Int. Conf. Image Process.})
@String(ACCV  = {ACCV})
@String(ICLR = {Int. Conf. Learn. Represent.})
@String(IJCAI = {IJCAI})
@String(PR   = {Pattern Recognition})
@String(AAAI = {AAAI})
@String(CVPRW= {IEEE Conf. Comput. Vis. Pattern Recog. Worksh.})
@String(CSVT = {IEEE Trans. Circuit Syst. Video Technol.})

@String(SPL	= {IEEE Sign. Process. Letters})
@String(VR   = {Vis. Res.})
@String(JOV	 = {J. Vis.})
@String(TVC  = {The Vis. Comput.})
@String(JCST  = {J. Comput. Sci. Tech.})
@String(CGF  = {Comput. Graph. Forum})
@String(CVM = {Computational Visual Media})


@String(PAMI  = {IEEE TPAMI})
@String(IJCV  = {IJCV})
@String(CVPR  = {CVPR})
@String(ICCV  = {ICCV})
@String(ECCV  = {ECCV})
@String(NIPS  = {NeurIPS})
@String(ICPR  = {ICPR})
@String(BMVC  =	{BMVC})
@String(TOG   = {ACM TOG})
@String(TIP   = {IEEE TIP})
@String(TVCG  = {IEEE TVCG})
@String(TCSVT = {IEEE TCSVT})
@String(TMM   =	{IEEE TMM})
@String(ACMMM = {ACM MM})
@String(ICME  =	{ICME})
@String(ICASSP=	{ICASSP})
@String(ICIP  = {ICIP})
@String(ACCV  = {ACCV})
@String(ICLR  = {ICLR})
@String(IJCAI = {IJCAI})
@String(PR = {PR})
@String(AAAI = {AAAI})
@String(CVPRW= {CVPRW})
@String(CSVT = {IEEE TCSVT})



@inproceedings{mildenhall2020nerf,
 title={NeRF: Representing Scenes as Neural Radiance Fields for View Synthesis},
 author={Ben Mildenhall and Pratul P. Srinivasan and Matthew Tancik and Jonathan T. Barron and Ravi Ramamoorthi and Ren Ng},
 year={2020},
 booktitle={ECCV},
}

@inproceedings{lightstage,
  author    = {Paul E. Debevec and
               Tim Hawkins and
               Chris Tchou and
               Haarm{-}Pieter Duiker and
               Westley Sarokin and
               Mark Sagar},
  title     = {Acquiring the reflectance field of a human face},
  booktitle = {{SIGGRAPH} 2000},
  pages     = {145--156},
  publisher = {{ACM}},
  year      = {2000},
}

@InProceedings{shen2023xavatar,
  author    = {Shen, Kaiyue and Guo, Chen and Kaufmann, Manuel and Zarate, Juan and Valentin, Julien and Song, Jie and Hilliges, Otmar},
  title     = {X-Avatar: Expressive Human Avatars},
  booktitle = {{CVPR}},
  pages     = {16911-16921},
  year      = {2023},
}


@article{zheng2023avatarrex,
title={AvatarRex: Real-time Expressive Full-body Avatars},
author={Zheng, Zerong and Zhao, Xiaochen and Zhang, Hongwen and Liu, Boning and Liu, Yebin},
journal={ACM Transactions on Graphics (TOG)},
volume={42},
number={4},
articleno={},
year={2023},
publisher={ACM New York, NY, USA}
}

@inproceedings{neuralbody,
  author    = {Sida Peng and
               Yuanqing Zhang and
               Yinghao Xu and
               Qianqian Wang and
               Qing Shuai and
               Hujun Bao and
               Xiaowei Zhou},
  title     = {Neural Body: Implicit Neural Representations With Structured Latent
               Codes for Novel View Synthesis of Dynamic Humans},
  booktitle = {{CVPR}},
  pages     = {9054--9063},
  year      = {2021},
}

@inproceedings{animatablenerf,
  author    = {Sida Peng and
               Junting Dong and
               Qianqian Wang and
               Shangzhan Zhang and
               Qing Shuai and
               Xiaowei Zhou and
               Hujun Bao},
  title     = {Animatable Neural Radiance Fields for Modeling Dynamic Human Bodies},
  booktitle = {{ICCV}},
  pages     = {14294--14303},
  year      = {2021},
}

@inproceedings{Relighting4D,
  author    = {Zhaoxi Chen and
               Ziwei Liu},
  title     = {Relighting4D: Neural Relightable Human from Videos},
  booktitle = {{ECCV}},
  volume    = {13674},
  pages     = {606--623},
  year      = {2022},
}

@inproceedings{humannerf,
  author    = {Chung{-}Yi Weng and
               Brian Curless and
               Pratul P. Srinivasan and
               Jonathan T. Barron and
               Ira Kemelmacher{-}Shlizerman},
  title     = {HumanNeRF: Free-viewpoint Rendering of Moving People from Monocular
               Video},
  booktitle = {CVPR},
  pages     = {16189--16199},
  year      = {2022},
}

@inproceedings{hnerf,
  author    = {Hongyi Xu and
               Thiemo Alldieck and
               Cristian Sminchisescu},
  title     = {H-NeRF: Neural Radiance Fields for Rendering and Temporal Reconstruction
               of Humans in Motion},
  booktitle = {NeurIPS},
  pages     = {14955--14966},
  year      = {2021},
}

@InProceedings{ARAH,
  title = {ARAH: Animatable Volume Rendering of Articulated Human SDFs},
  author = {Shaofei Wang and Katja Schwarz and Andreas Geiger and Siyu Tang},
  booktitle = {ECCV},
  year = {2022}
}

@article{neuralactor,
  author    = {Lingjie Liu and
               Marc Habermann and
               Viktor Rudnev and
               Kripasindhu Sarkar and
               Jiatao Gu and
               Christian Theobalt},
  title     = {Neural actor: neural free-view synthesis of human actors with pose
               control},
  journal   = {{ACM} Trans. Graph.},
  volume    = {40},
  number    = {6},
  pages     = {219:1--219:16},
  year      = {2021},
}

@inproceedings{neuman,
  title={NeuMan: Neural Human Radiance Field from a Single Video},
  author={Jiang, Wei and Yi, Kwang Moo and Samei, Golnoosh and Tuzel, Oncel and Ranjan, Anurag},
  booktitle={ECCV},
  year={2022}
}

@inproceedings{selfrecon,
 author     = {Boyi Jiang and Yang Hong and Hujun Bao and Juyong Zhang},
 title      = {SelfRecon: Self Reconstruction Your Digital Avatar from Monocular Video},
 booktitle = {CVPR}, 
 year       = {2022}, 
 pages     = {5605-5615}
}

@article{RelightingHumans,
    author = {Kanamori, Yoshihiro and Endo, Yuki},
    title = {Relighting Humans: Occlusion-Aware Inverse Rendering for Full-Body Human Images},
    year = {2018},
    volume = {37},
    number = {6},
    journal = {ACM Trans. Graph.},
    articleno = {270},
    numpages = {11},
}

@inproceedings{singleimage-hr,
  author    = {Chaonan Ji and
               Tao Yu and
               Kaiwen Guo and
               Jingxin Liu and
               Yebin Liu},
  title     = {Geometry-Aware Single-Image Full-Body Human Relighting},
  booktitle = {ECCV},
  volume    = {13676},
  pages     = {388--405},
  year      = {2022},
}

@inproceedings{Lagunas2021humanrelighting,
    title={Single-image Full-body Human Relighting},
    booktitle={Eurographics Symposium on Rendering (EGSR)},
    publisher={The Eurographics Association},
    author={Lagunas, Manuel and Sun, Xin and Yang, Jimei and Villegas, Ruben and Zhang, Jianming and Shu, Zhixin and Masia, Belen and Gutierrez, Diego},
    year={2021},
}

@inproceedings{Liu21,
  title = {Relighting Images in the Wild with a Self-Supervised Siamese Auto-Encoder},
  author = {Yang Liu and Alexandros Neophytou and Sunando Sengupta and Eric Sommerlade},
  year = {2021},
  pages = {32-40},
  booktitle = {WACV},
  publisher = {IEEE},
  isbn = {978-1-6654-0477-8},
}

@article{Tajima21,
  title = {Relighting Humans in the Wild: Monocular Full-Body Human Relighting with Domain Adaptation},
  author = {Daichi Tajima and Yoshihiro Kanamori and Yuki Endo},
  year = {2021},
  journal = {Comput. Graph. Forum},
  volume = {40},
  number = {7},
  pages = {205-216},
}

@inproceedings{Zhou19,
  title = {Deep Single-Image Portrait Relighting},
  author = {Hao Zhou and Sunil Hadap and Kalyan Sunkavalli and David Jacobs},
  year = {2019},
  pages = {7193-7201},
  booktitle = {ICCV},
}

@article{peng2022animatable,
  title={Animatable Neural Implicit Surfaces for Creating Avatars from Videos},
  author={Peng, Sida and Zhang, Shangzhan and Xu, Zhen and Geng, Chen and Jiang, Boyi and Bao, Hujun and Zhou, Xiaowei},
  journal={arXiv preprint arXiv:2203.08133},
  year={2022}
}

@article{NeRFactor,
  author    = {Xiuming Zhang and
               Pratul P. Srinivasan and
               Boyang Deng and
               Paul E. Debevec and
               William T. Freeman and
               Jonathan T. Barron},
  title     = {NeRFactor: neural factorization of shape and reflectance under an
               unknown illumination},
  journal   = {{ACM} Trans. Graph.},
  volume    = {40},
  number    = {6},
  pages     = {237:1--237:18},
  year      = {2021},
}

@inproceedings{NeRV,
  author    = {Pratul P. Srinivasan and
               Boyang Deng and
               Xiuming Zhang and
               Matthew Tancik and
               Ben Mildenhall and
               Jonathan T. Barron},
  title     = {NeRV: Neural Reflectance and Visibility Fields for Relighting and
               View Synthesis},
  booktitle = {{CVPR}},
  pages     = {7495--7504},
  year      = {2021},
}

@article{NeuralRay-Tracing,
  author    = {Julian Knodt and
               Seung{-}Hwan Baek and
               Felix Heide},
  title     = {Neural Ray-Tracing: Learning Surfaces and Reflectance for Relighting and View Synthesis},
  journal   = {CoRR},
  volume    = {abs/2104.13562},
  year      = {2021},
  url       = {https://arxiv.org/abs/2104.13562},
  eprinttype = {arXiv},
  eprint    = {2104.13562},
}

@inproceedings{NeRFW,
  author    = {Ricardo Martin{-}Brualla and
               Noha Radwan and
               Mehdi S. M. Sajjadi and
               Jonathan T. Barron and
               Alexey Dosovitskiy and
               Daniel Duckworth},
  title     = {NeRF in the Wild: Neural Radiance Fields for Unconstrained Photo Collections},
  booktitle = {{CVPR}},
  pages     = {7210--7219},
  year      = {2021},
}

@inproceedings{PhySG,
  author    = {Kai Zhang and
               Fujun Luan and
               Qianqian Wang and
               Kavita Bala and
               Noah Snavely},
  title     = {PhySG: Inverse Rendering With Spherical Gaussians for Physics-Based
               Material Editing and Relighting},
  booktitle = {{CVPR}},
  pages     = {5453--5462},
  publisher = {Computer Vision Foundation / {IEEE}},
  year      = {2021},
}

@inproceedings{NeRD,
  author    = {Mark Boss and
               Raphael Braun and
               Varun Jampani and
               Jonathan T. Barron and
               Ce Liu and
               Hendrik P. A. Lensch},
  title     = {NeRD: Neural Reflectance Decomposition from Image Collections},
  booktitle = {{ICCV}},
  pages     = {12664--12674},
  year      = {2021},
}

@inproceedings{Neural-PIL,
  author    = {Mark Boss and
               Varun Jampani and
               Raphael Braun and
               Ce Liu and
               Jonathan T. Barron and
               Hendrik P. A. Lensch},
  title     = {Neural-PIL: Neural Pre-Integrated Lighting for Reflectance Decomposition},
  booktitle = {NeurIPS},
  pages     = {10691--10704},
  year      = {2021},
}

@inproceedings{InvRender,
  author    = {Yuanqing Zhang and
               Jiaming Sun and
               Xingyi He and
               Huan Fu and
               Rongfei Jia and
               Xiaowei Zhou},
  title     = {Modeling Indirect Illumination for Inverse Rendering},
  booktitle = {{CVPR}},
  pages     = {18622--18631},
  year      = {2022},
}

@inproceedings{Munkberg22,
  author    = {Jacob Munkberg and
               Wenzheng Chen and
               Jon Hasselgren and
               Alex Evans and
               Tianchang Shen and
               Thomas M{\"{u}}ller and
               Jun Gao and
               Sanja Fidler},
  title     = {Extracting Triangular 3D Models, Materials, and Lighting From Images},
  booktitle = {{CVPR}},
  pages     = {8270--8280},
  year      = {2022},
}

@inproceedings{NeILF,
  author    = {Yao Yao and
               Jingyang Zhang and
               Jingbo Liu and
               Yihang Qu and
               Tian Fang and
               David McKinnon and
               Yanghai Tsin and
               Long Quan},
  title     = {NeILF: Neural Incident Light Field for Physically-based Material Estimation},
  booktitle = {{ECCV}},
  volume    = {13691},
  pages     = {700--716},
  year      = {2022}, 
}

@inproceedings{psnerf,
    title={PS-NeRF: Neural Inverse Rendering for Multi-view Photometric Stereo},
    author={Yang, Wenqi and Chen, Guanying and Chen, Chaofeng and 
            Chen, Zhenfang and Wong, Kwan-Yee K.},
    booktitle={ECCV},
    year={2022}
}


@article{SG,
  author = {Kun Xu and Wei-Lun Sun and Zhao Dong and Dan-Yong Zhao and Run-Dong Wu and Shi-Min Hu},
  title = {Anisotropic Spherical Gaussians},
  journal = {ACM Transactions on Graphics},
  volume = {32},
  number = {6},
  year = {2013},
  pages = {209:1--209:11},
}


@inproceedings{disneyBRDF,
  title={Physically-based shading at disney},
  author={Burley, Brent and Studios, Walt Disney Animation},
  booktitle={ACM SIGGRAPH},
  volume={2012},
  pages={1--7},
  year={2012},
  organization={vol. 2012}
}

@inproceedings{pose_deformation,
  author    = {John P. Lewis and
               Matt Cordner and
               Nickson Fong},
  title     = {Pose space deformation: a unified approach to shape interpolation
               and skeleton-driven deformation},
  booktitle = {{SIGGRAPH} 2000},
  pages     = {165--172},
  publisher = {{ACM}},
  year      = {2000},
}

@inproceedings{neus,
  author    = {Peng Wang and
               Lingjie Liu and
               Yuan Liu and
               Christian Theobalt and
               Taku Komura and
               Wenping Wang},
  title     = {NeuS: Learning Neural Implicit Surfaces by Volume Rendering for Multi-view
               Reconstruction},
  booktitle = {NeurIPS 2021},
  pages     = {27171--27183},
  year      = {2021},
}

@article{volsdf,
  title={Volume rendering of neural implicit surfaces},
  author={Yariv, Lior and Gu, Jiatao and Kasten, Yoni and Lipman, Yaron},
  journal={Advances in Neural Information Processing Systems},
  volume={34},
  pages={4805--4815},
  year={2021}
}

@article{zhuo17,
  author    = {Zhuo Hui and
               Aswin C. Sankaranarayanan},
  title     = {Shape and Spatially-Varying Reflectance Estimation from Virtual Exemplars},
  journal   = {{IEEE} Trans. Pattern Anal. Mach. Intell.},
  volume    = {39},
  number    = {10},
  pages     = {2060--2073},
  year      = {2017},
}

@inproceedings{li22,
  author    = {Junxuan Li and
               Hongdong Li},
  title     = {Neural Reflectance for Shape Recovery with Shadow Handling},
  booktitle = {{CVPR}},
  pages     = {16200--16209},
  year      = {2022},
}

@inproceedings{lpips,
  author    = {Richard Zhang and
               Phillip Isola and
               Alexei A. Efros and
               Eli Shechtman and
               Oliver Wang},
  title     = {The Unreasonable Effectiveness of Deep Features as a Perceptual Metric},
  booktitle = {{CVPR}},
  pages     = {586--595},
  year      = {2018},
}

@article{ssim,
  author    = {Zhou Wang and
               Alan C. Bovik and
               Hamid R. Sheikh and
               Eero P. Simoncelli},
  title     = {Image quality assessment: from error visibility to structural similarity},
  journal   = {{IEEE} Trans. Image Process.},
  volume    = {13},
  number    = {4},
  pages     = {600--612},
  year      = {2004},
}

@ARTICLE{h36m,
  author={Ionescu, Catalin and Papava, Dragos and Olaru, Vlad and Sminchisescu, Cristian},
  journal={IEEE Transactions on Pattern Analysis and Machine Intelligence}, 
  title={Human3.6M: Large Scale Datasets and Predictive Methods for 3D Human Sensing in Natural Environments}, 
  year={2014},
  volume={36},
  number={7},
  pages={1325-1339},
}

@inproceedings{deepcap,
  author    = {Marc Habermann and
               Weipeng Xu and
               Michael Zollh{\"{o}}fer and
               Gerard Pons{-}Moll and
               Christian Theobalt},
  title     = {DeepCap: Monocular Human Performance Capture Using Weak Supervision},
  booktitle = {{CVPR}},
  pages     = {5051--5062},
  year      = {2020},
}

@article{pandey2021total,
  title={Total relighting: learning to relight portraits for background replacement},
  author={Pandey, Rohit and Escolano, Sergio Orts and Legendre, Chloe and Haene, Christian and Bouaziz, Sofien and Rhemann, Christoph and Debevec, Paul and Fanello, Sean},
  journal={ACM Transactions on Graphics (TOG)},
  volume={40},
  number={4},
  pages={1--21},
  year={2021},
  publisher={ACM New York, NY, USA}
}

@article{sun2019single,
  title={Single image portrait relighting.},
  author={Sun, Tiancheng and Barron, Jonathan T and Tsai, Yun-Ta and Xu, Zexiang and Yu, Xueming and Fyffe, Graham and Rhemann, Christoph and Busch, Jay and Debevec, Paul E and Ramamoorthi, Ravi},
  journal={ACM Trans. Graph.},
  volume={38},
  number={4},
  pages={79--1},
  year={2019}
}

@article{wang2020single,
  title={Single image portrait relighting via explicit multiple reflectance channel modeling},
  author={Wang, Zhibo and Yu, Xin and Lu, Ming and Wang, Quan and Qian, Chen and Xu, Feng},
  journal={ACM Transactions on Graphics (TOG)},
  volume={39},
  number={6},
  pages={1--13},
  year={2020},
  publisher={ACM New York, NY, USA}
}

@inproceedings{zhou2019deep,
  title={Deep single-image portrait relighting},
  author={Zhou, Hao and Hadap, Sunil and Sunkavalli, Kalyan and Jacobs, David W},
  booktitle={ICCV},
  pages={7194--7202},
  year={2019}
}

@inproceedings{ji2022geometry,
  title={Geometry-aware single-image full-body human relighting},
  author={Ji, Chaonan and Yu, Tao and Guo, Kaiwen and Liu, Jingxin and Liu, Yebin},
  booktitle={ECCV},
  pages={388--405},
  year={2022},
}

@article{kanamori2019relighting,
  author       = {Yoshihiro Kanamori and
                  Yuki Endo},
  title        = {Relighting humans: occlusion-aware inverse rendering for full-body
                  human images},
  journal      = {{ACM} Trans. Graph.},
  volume       = {37},
  number       = {6},
  pages        = {270},
  year         = {2018},
}

@article{guo2019relightables,
  title={The relightables: Volumetric performance capture of humans with realistic relighting},
  author={Guo, Kaiwen and Lincoln, Peter and Davidson, Philip and Busch, Jay and Yu, Xueming and Whalen, Matt and Harvey, Geoff and Orts-Escolano, Sergio and Pandey, Rohit and Dourgarian, Jason and others},
  journal={ACM Transactions on Graphics (ToG)},
  volume={38},
  number={6},
  pages={1--19},
  year={2019},
  publisher={ACM New York, NY, USA}
}

@inproceedings{bogo2015detailed,
  title={Detailed full-body reconstructions of moving people from monocular RGB-D sequences},
  author={Bogo, Federica and Black, Michael J and Loper, Matthew and Romero, Javier},
  booktitle={Proceedings of the IEEE international conference on computer vision},
  pages={2300--2308},
  year={2015}
}

@inproceedings{zhi2020texmesh,
  title={Texmesh: Reconstructing detailed human texture and geometry from rgb-d video},
  author={Zhi, Tiancheng and Lassner, Christoph and Tung, Tony and Stoll, Carsten and Narasimhan, Srinivasa G and Vo, Minh},
  booktitle={ECCV},
  pages={492--509},
  year={2020},
}

@inproceedings{alldieck2018video,
  title={Video based reconstruction of 3d people models},
  author={Alldieck, Thiemo and Magnor, Marcus and Xu, Weipeng and Theobalt, Christian and Pons-Moll, Gerard},
  booktitle={CVPR},
  pages={8387--8397},
  year={2018}
}

@inproceedings{he2021arch++,
  title={ARCH++: Animation-ready clothed human reconstruction revisited},
  author={He, Tong and Xu, Yuanlu and Saito, Shunsuke and Soatto, Stefano and Tung, Tony},
  booktitle={ICCV},
  pages={11046--11056},
  year={2021}
}

@inproceedings{huang2020arch,
  title={Arch: Animatable reconstruction of clothed humans},
  author={Huang, Zeng and Xu, Yuanlu and Lassner, Christoph and Li, Hao and Tung, Tony},
  booktitle={CVPR},
  pages={3093--3102},
  year={2020}
}

@inproceedings{alldieck2019tex2shape,
  title={Tex2shape: Detailed full human body geometry from a single image},
  author={Alldieck, Thiemo and Pons-Moll, Gerard and Theobalt, Christian and Magnor, Marcus},
  booktitle={ICCV},
  pages={2293--2303},
  year={2019}
}

@article{loper2015smpl,
  title={SMPL: A skinned multi-person linear model},
  author={Loper, Matthew and Mahmood, Naureen and Romero, Javier and Pons-Moll, Gerard and Black, Michael J},
  journal={ACM transactions on graphics (TOG)},
  volume={34},
  number={6},
  pages={1--16},
  year={2015},
  publisher={ACM New York, NY, USA}
}

@inproceedings{raj2021anr,
  title={Anr: Articulated neural rendering for virtual avatars},
  author={Raj, Amit and Tanke, Julian and Hays, James and Vo, Minh and Stoll, Carsten and Lassner, Christoph},
  booktitle={CVPR},
  pages={3722--3731},
  year={2021}
}

@inproceedings{legendre2019deeplight,
  title={Deeplight: Learning illumination for unconstrained mobile mixed reality},
  author={LeGendre, Chloe and Ma, Wan-Chun and Fyffe, Graham and Flynn, John and Charbonnel, Laurent and Busch, Jay and Debevec, Paul},
  booktitle={CVPR},
  pages={5918--5928},
  year={2019}
}

@inproceedings{liu2021relighting,
  title={Relighting images in the wild with a self-supervised siamese auto-encoder},
  author={Liu, Yang and Neophytou, Alexandros and Sengupta, Sunando and Sommerlade, Eric},
  booktitle={Proceedings of the IEEE/CVF Winter Conference on Applications of Computer Vision},
  pages={32--40},
  year={2021}
}

@article{meka2021real,
  title={Real-time global illumination decomposition of videos},
  author={Meka, Abhimitra and Shafiei, Mohammad and Zollh{\"o}fer, Michael and Richardt, Christian and Theobalt, Christian},
  journal={ACM Transactions on Graphics (TOG)},
  volume={40},
  number={3},
  pages={1--16},
  year={2021},
  publisher={ACM New York, NY}
}

@inproceedings{sengupta2019neural,
  title={Neural inverse rendering of an indoor scene from a single image},
  author={Sengupta, Soumyadip and Gu, Jinwei and Kim, Kihwan and Liu, Guilin and Jacobs, David W and Kautz, Jan},
  booktitle={ICCV},
  pages={8598--8607},
  year={2019}
}

@inproceedings{wang2021learning,
  title={Learning indoor inverse rendering with 3d spatially-varying lighting},
  author={Wang, Zian and Philion, Jonah and Fidler, Sanja and Kautz, Jan},
  booktitle={ICCV},
  pages={12538--12547},
  year={2021}
}

@inproceedings{yang2021s3,
  title={S3: Neural shape, skeleton, and skinning fields for 3d human modeling},
  author={Yang, Ze and Wang, Shenlong and Manivasagam, Sivabalan and Huang, Zeng and Ma, Wei-Chiu and Yan, Xinchen and Yumer, Ersin and Urtasun, Raquel},
  booktitle={CVPR},
  pages={13284--13293},
  year={2021}
}

@inproceedings{saito2020pifuhd,
  title={Pifuhd: Multi-level pixel-aligned implicit function for high-resolution 3d human digitization},
  author={Saito, Shunsuke and Simon, Tomas and Saragih, Jason and Joo, Hanbyul},
  booktitle={CVPR},
  pages={84--93},
  year={2020}
}

@inproceedings{saito2019pifu,
  title={Pifu: Pixel-aligned implicit function for high-resolution clothed human digitization},
  author={Saito, Shunsuke and Huang, Zeng and Natsume, Ryota and Morishima, Shigeo and Kanazawa, Angjoo and Li, Hao},
  booktitle={ICCV},
  pages={2304--2314},
  year={2019}
}

@inproceedings{alldieck2022photorealistic,
  title={Photorealistic Monocular 3D Reconstruction of Humans Wearing Clothing},
  author={Alldieck, Thiemo and Zanfir, Mihai and Sminchisescu, Cristian},
  booktitle={CVPR},
  pages={1506--1515},
  year={2022}
}

@inproceedings{shysheya2019textured,
  title={Textured neural avatars},
  author={Shysheya, Aliaksandra and Zakharov, Egor and Aliev, Kara-Ali and Bashirov, Renat and Burkov, Egor and Iskakov, Karim and Ivakhnenko, Aleksei and Malkov, Yury and Pasechnik, Igor and Ulyanov, Dmitry and others},
  booktitle={CVPR},
  pages={2387--2397},
  year={2019}
}

@inproceedings{grigorev2021stylepeople,
  title={Stylepeople: A generative model of fullbody human avatars},
  author={Grigorev, Artur and Iskakov, Karim and Ianina, Anastasia and Bashirov, Renat and Zakharkin, Ilya and Vakhitov, Alexander and Lempitsky, Victor},
  booktitle={CVPR},
  pages={5151--5160},
  year={2021}
}

@inproceedings{zhao2022high,
  title={High-fidelity human avatars from a single RGB camera},
  author={Zhao, Hao and Zhang, Jinsong and Lai, Yu-Kun and Zheng, Zerong and Xie, Yingdi and Liu, Yebin and Li, Kun},
  booktitle={CVPR},
  pages={15904--15913},
  year={2022}
}

@inproceedings{adam,
  author    = {Diederik P. Kingma and
               Jimmy Ba},
  title     = {Adam: {A} Method for Stochastic Optimization},
  booktitle = {{ICLR} 2015,},
  year      = {2015},
}

@inproceedings{snarf,
  title={Snarf: Differentiable forward skinning for animating non-rigid neural implicit shapes},
  author={Chen, Xu and Zheng, Yufeng and Black, Michael J and Hilliges, Otmar and Geiger, Andreas},
  booktitle={ICCV},
  pages={11594--11604},
  year={2021}
}

@inproceedings{tava,
  title={Tava: Template-free animatable volumetric actors},
  author={Li, Ruilong and Tanke, Julian and Vo, Minh and Zollh{\"o}fer, Michael and Gall, J{\"u}rgen and Kanazawa, Angjoo and Lassner, Christoph},
  booktitle={ECCV},
  pages={419--436},
  year={2022},
}

@inproceedings{real-nvp,
  author       = {Laurent Dinh and
                  Jascha Sohl{-}Dickstein and
                  Samy Bengio},
  title        = {Density estimation using Real {NVP}},
  booktitle    = {5th International Conference on Learning Representations, {ICLR} 2017},
  year         = {2017},
}

@inproceedings{nice,
  author       = {Laurent Dinh and
                  David Krueger and
                  Yoshua Bengio},
  editor       = {Yoshua Bengio and
                  Yann LeCun},
  title        = {{NICE:} Non-linear Independent Components Estimation},
  booktitle    = {3rd International Conference on Learning Representations, {ICLR} 2015,
                Workshop Track Proceedings},
  year         = {2015},
}

@inproceedings{i-resnet,
  title={Invertible residual networks},
  author={Behrmann, Jens and Grathwohl, Will and Chen, Ricky TQ and Duvenaud, David and Jacobsen, J{\"o}rn-Henrik},
  booktitle={International Conference on Machine Learning},
  pages={573--582},
  year={2019},
  organization={PMLR}
}

@article{neural-ode,
  title={Neural ordinary differential equations},
  author={Chen, Ricky TQ and Rubanova, Yulia and Bettencourt, Jesse and Duvenaud, David K},
  journal={Advances in neural information processing systems},
  volume={31},
  year={2018}
}

@article{glow,
  title={Glow: Generative flow with invertible 1x1 convolutions},
  author={Kingma, Durk P and Dhariwal, Prafulla},
  journal={Advances in neural information processing systems},
  volume={31},
  year={2018}
}

@article{normalizingflow,
  title={Normalizing flows: An introduction and review of current methods},
  author={Kobyzev, Ivan and Prince, Simon JD and Brubaker, Marcus A},
  journal={IEEE transactions on pattern analysis and machine intelligence},
  volume={43},
  number={11},
  pages={3964--3979},
  year={2020},
  publisher={IEEE}
}

@inproceedings{ndr,
  author       = {Hongrui Cai and
                  Wanquan Feng and
                  Xuetao Feng and
                  Yan Wang and
                  Juyong Zhang},
  title        = {Neural Surface Reconstruction of Dynamic Scenes with Monocular {RGB-D}
                  Camera},
  booktitle    = {NeurIPS},
  year         = {2022},
}

@inproceedings{cadex,
  title={Cadex: Learning canonical deformation coordinate space for dynamic surface representation via neural homeomorphism},
  author={Lei, Jiahui and Daniilidis, Kostas},
  booktitle={CVPR},
  pages={6624--6634},
  year={2022}
}

@inproceedings{occflow,
  title={Occupancy flow: 4d reconstruction by learning particle dynamics},
  author={Niemeyer, Michael and Mescheder, Lars and Oechsle, Michael and Geiger, Andreas},
  booktitle={ICCV},
  pages={5379--5389},
  year={2019}
}

@inproceedings{neural-part,
  title={Neural parts: Learning expressive 3d shape abstractions with invertible neural networks},
  author={Paschalidou, Despoina and Katharopoulos, Angelos and Geiger, Andreas and Fidler, Sanja},
  booktitle={CVPR},
  pages={3204--3215},
  year={2021}
}

@article{shapeflow,
  title={Shapeflow: Learnable deformation flows among 3d shapes},
  author={Jiang, Chiyu and Huang, Jingwei and Tagliasacchi, Andrea and Guibas, Leonidas J},
  journal={Advances in Neural Information Processing Systems},
  volume={33},
  pages={9745--9757},
  year={2020}
}

@article{yang2021geometry,
  title={Geometry processing with neural fields},
  author={Yang, Guandao and Belongie, Serge and Hariharan, Bharath and Koltun, Vladlen},
  journal={Advances in Neural Information Processing Systems},
  volume={34},
  pages={22483--22497},
  year={2021}
}

@InProceedings{rana,
    author    = {Iqbal, Umar and Caliskan, Akin and Nagano, Koki and Khamis, Sameh and Molchanov, Pavlo and Kautz, Jan},
    title     = {RANA: Relightable Articulated Neural Avatars},
    booktitle = {ICCV},
    year      = {2023},
    pages     = {23142-23153}
}

@InProceedings{ins,
  title={Invertible Neural Skinning},
  author={Kant, Yash and Siarohin, Aliaksandr and Guler, Riza Alp and Chai, Menglei and Ren, Jian and Tulyakov, Sergey and Gilitschenski, Igor},
  booktitle={CVPR},
  year={2023},
  pages={8715-8725}
}

@inproceedings{slrf,
title={Structured Local Radiance Fields for Human Avatar Modeling},
author={Zheng, Zerong and Huang, Han and Yu, Tao and Zhang, Hongwen and Guo, Yandong and Liu, Yebin},
booktitle={CVPR},
month=jun,
year={2022},
}

@article{ani-nerf,
  title={Animatable neural radiance fields from monocular rgb videos},
  author={Chen, Jianchuan and Zhang, Ying and Kang, Di and Zhe, Xuefei and Bao, Linchao and Jia, Xu and Lu, Huchuan},
  journal={arXiv preprint arXiv:2106.13629},
  year={2021}
}

@inproceedings{eik,
  title={Implicit Geometric Regularization for Learning Shapes},
  author={Gropp, Amos and Yariv, Lior and Haim, Niv and Atzmon, Matan and Lipman, Yaron},
  booktitle={International Conference on Machine Learning},
  pages={3789--3799},
  year={2020},
  organization={PMLR}
}

@inproceedings{aist,
  title={Ai choreographer: Music conditioned 3d dance generation with aist++},
  author={Li, Ruilong and Yang, Shan and Ross, David A and Kanazawa, Angjoo},
  booktitle={ICCV},
  pages={13401--13412},
  year={2021}
}

@article{idr,
  title={Multiview neural surface reconstruction by disentangling geometry and appearance},
  author={Yariv, Lior and Kasten, Yoni and Moran, Dror and Galun, Meirav and Atzmon, Matan and Ronen, Basri and Lipman, Yaron},
  journal={Advances in Neural Information Processing Systems},
  volume={33},
  pages={2492--2502},
  year={2020}
}

@article{instant-ngp,
  title={Instant neural graphics primitives with a multiresolution hash encoding},
  author={M{\"u}ller, Thomas and Evans, Alex and Schied, Christoph and Keller, Alexander},
  journal={ACM Transactions on Graphics (ToG)},
  volume={41},
  number={4},
  pages={1--15},
  year={2022},
  publisher={ACM New York, NY, USA}
}

@misc{Mixamo,
    title        = {Mixamo},
    author       = {Adobe, Inc},
    year         = 2023,
    howpublished = {\url{https://www.mixamo.com/}}
}

@inproceedings{monohuman,
  title={MonoHuman: Animatable Human Neural Field from Monocular Video},
  author={Yu, Zhengming and Cheng, Wei and Liu, Xian and Wu, Wayne and Lin, Kwan-Yee},
  booktitle={CVPR},
  pages={16943--16953},
  year={2023}
}

@inproceedings{su2023npc,
    title={NPC: Neural Point Characters from Video},
    author={Su, Shih-Yang and Bagautdinov, Timur and Rhodin, Helge},
    booktitle={ICCV},
    year={2023}, 
    pages={14795-14805}
}

@article{a-nerf,
  title={A-nerf: Articulated neural radiance fields for learning human shape, appearance, and pose},
  author={Su, Shih-Yang and Yu, Frank and Zollh{\"o}fer, Michael and Rhodin, Helge},
  journal={Advances in Neural Information Processing Systems},
  volume={34},
  pages={12278--12291},
  year={2021}
}

@inproceedings{danbo,
  title={Danbo: Disentangled articulated neural body representations via graph neural networks},
  author={Su, Shih-Yang and Bagautdinov, Timur and Rhodin, Helge},
  booktitle={ECCV},
  pages={107--124},
  year={2022},
}

@inproceedings{tensoir,
  title={TensoIR: Tensorial Inverse Rendering},
  author={Jin, Haian and Liu, Isabella and Xu, Peijia and Zhang, Xiaoshuai and Han, Songfang and Bi, Sai and Zhou, Xiaowei and Xu, Zexiang and Su, Hao},
  booktitle={CVPR},
  pages={165--174},
  year={2023}
}

@incollection{marchingcubes,
  title={Marching cubes: A high resolution 3D surface construction algorithm},
  author={Lorensen, William E and Cline, Harvey E},
  booktitle={Seminal graphics: pioneering efforts that shaped the field},
  pages={347--353},
  year={1998}
}
