@inproceedings{DBLP:conf/kdd/LiuZ0ZS0Z22,
  author    = {Han Liu and
               Feng Zhang and
               Xiaotong Zhang and
               Siyang Zhao and
               Junjie Sun and
               Hong Yu and
               Xianchao Zhang},
  title     = {Label-enhanced Prototypical Network with Contrastive Learning for
               Multi-label Few-shot Aspect Category Detection},
  booktitle = {KDD},
  pages     = {1079--1087},
  year      = {2022}
}

@inproceedings{DBLP:conf/emnlp/LiuZ0ZZ21,
  author    = {Han Liu and
               Feng Zhang and
               Xiaotong Zhang and
               Siyang Zhao and
               Xianchao Zhang},
  title     = {An Explicit-Joint and Supervised-Contrastive Learning Framework for
               Few-Shot Intent Classification and Slot Filling},
  booktitle = {Findings of EMNLP},
  pages     = {1945--1955},
  year      = {2021}
}

@article{snips,
  author    = {Alice Coucke and
               Alaa Saade and
               Adrien Ball and
               Th{\'{e}}odore Bluche and
               Alexandre Caulier and
               David Leroy and
               Cl{\'{e}}ment Doumouro and
               Thibault Gisselbrecht and
               Francesco Caltagirone and
               Thibaut Lavril and
               Ma{\"{e}}l Primet and
               Joseph Dureau},
  title     = {Snips Voice Platform: an embedded Spoken Language Understanding system
               for private-by-design voice interfaces},
  journal   = {CoRR},
  year      = {2018}
}

@inproceedings{DBLP:conf/cvpr/DengDSLL009,
  author    = {Jia Deng and
               Wei Dong and
               Richard Socher and
               Li{-}Jia Li and
               Kai Li and
               Li Fei{-}Fei},
  title     = {ImageNet: {A} large-scale hierarchical image database},
  booktitle = {CVPR},
  pages     = {248--255},
  year      = {2009}
}

@article{van2008visualizing,
  title={Visualizing data using t-SNE.},
  author={Van der Maaten, Laurens and Hinton, Geoffrey},
  journal={Journal of machine learning research},
  volume={9},
  number={11},
  year={2008}
}

@article{DBLP:journals/corr/abs-1803-02999,
  author    = {Alex Nichol and
               Joshua Achiam and
               John Schulman},
  title     = {On First-Order Meta-Learning Algorithms},
  journal   = {CoRR},
  year      = {2018}
}

@inproceedings{DBLP:conf/emnlp/GengLLZJS19,
  author    = {Ruiying Geng and
               Binhua Li and
               Yongbin Li and
               Xiaodan Zhu and
               Ping Jian and
               Jian Sun},
  title     = {Induction Networks for Few-Shot Text Classification},
  booktitle = {EMNLP},
  pages     = {3902--3911},
  year      = {2019},
}

@inproceedings{ProtAugment,
  author    = {Thomas Dopierre and
               Christophe Gravier and
               Wilfried Logerais},
  title     = {ProtAugment: Intent Detection Meta-Learning through Unsupervised Diverse
               Paraphrasing},
  booktitle = {ACL},
  pages     = {2454--2466},
  year      = {2021}
}

@inproceedings{mlada,
  author    = {Chengcheng Han and
               Zeqiu Fan and
               Dongxiang Zhang and
               Minghui Qiu and
               Ming Gao and
               Aoying Zhou},
  title     = {Meta-Learning Adversarial Domain Adaptation Network for Few-Shot Text
               Classification},
  booktitle = {Findings of ACL},
  pages     = {1664--1673},
  year      = {2021}
}

@inproceedings{iclr/LoshchilovH19,
  author    = {Ilya Loshchilov and
               Frank Hutter},
  title     = {Decoupled Weight Decay Regularization},
  booktitle = {ICLR},
  year      = {2019}
}

@inproceedings{snell2017prototypical,
  title={Prototypical networks for few-shot learning},
  author={Snell, Jake and Swersky, Kevin and Zemel, Richard},
  booktitle={NeurIPS},
  pages={4077--4087},
  year={2017}
}

@inproceedings{finn2017model,
  author    = {Chelsea Finn and
               Pieter Abbeel and
               Sergey Levine},
  editor    = {Doina Precup and
               Yee Whye Teh},
  title     = {Model-Agnostic Meta-Learning for Fast Adaptation of Deep Networks},
  booktitle = {ICML},
  pages     = {1126--1135},
  year      = {2017}
}

@inproceedings{iclr/BaoWCB20,
  author    = {Yujia Bao and
               Menghua Wu and
               Shiyu Chang and
               Regina Barzilay},
  title     = {Few-shot Text Classification with Distributional Signatures},
  booktitle = {ICLR},
  year      = {2020}
}

@inproceedings{DBLP:conf/aaai/GaoH0S19,
  author    = {Tianyu Gao and
               Xu Han and
               Zhiyuan Liu and
               Maosong Sun},
  title     = {Hybrid Attention-Based Prototypical Networks for Noisy Few-Shot Relation
               Classification},
  booktitle = {AAAI},
  pages     = {6407--6414},
  year      = {2019}
}

@inproceedings{banking,
    title = {Efficient Intent Detection with Dual Sentence Encoders},
    author = {Casanueva, I{\~n}igo  and
      Tem{\v{c}}inas, Tadas  and
      Gerz, Daniela  and
      Henderson, Matthew  and
      Vuli{\'c}, Ivan},
    booktitle = {Workshop on Natural Language Processing for Conversational AI},
    year = {2020},
    pages = {38--45}
}

@inproceedings{hwu,
  author    = {Xingkun Liu and
               Arash Eshghi and
               Pawel Swietojanski and
               Verena Rieser},
  title     = {Benchmarking Natural Language Understanding Services for Building
               Conversational Agents},
  booktitle = {IWSDS},
  pages     = {165--183},
  year      = {2019}
}

@inproceedings{oos,
  author    = {Stefan Larson and
               Anish Mahendran and
               Joseph J. Peper and
               Christopher Clarke and
               Andrew Lee and
               Parker Hill and
               Jonathan K. Kummerfeld and
               Kevin Leach and
               Michael A. Laurenzano and
               Lingjia Tang and
               Jason Mars},
  title     = {An Evaluation Dataset for Intent Classification and Out-of-Scope Prediction},
  booktitle = {EMNLP},
  pages     = {1311--1316},
  year      = {2019}
}

@article{liu57,
  author    = {Xingkun Liu and
               Arash Eshghi and
               Pawel Swietojanski and
               Verena Rieser},
  title     = {Benchmarking Natural Language Understanding Services for building
               Conversational Agents},
  journal   = {(CoRR)},
  year      = {2019}
}

@inproceedings{20news,
  author    = {Ken Lang},
  title     = {NewsWeeder: Learning to Filter Netnews},
  booktitle = {ICML},
  pages     = {331--339},
  year      = {1995}
}

@inproceedings{amazon,
  author    = {Ruining He and
               Julian J. McAuley},
  title     = {Ups and Downs: Modeling the Visual Evolution of Fashion Trends with
               One-Class Collaborative Filtering},
  booktitle = {WWW},
  pages     = {507--517},
  year      = {2016}
}

@inproceedings{freelunch,
  author    = {Shuo Yang and
               Lu Liu and
               Min Xu},
  title     = {Free Lunch for Few-shot Learning: Distribution Calibration},
  booktitle = {ICLR},
  year      = {2021}
}

@inproceedings{Bayesianmaml,
  author    = {Jaesik Yoon and
               Taesup Kim and
               Ousmane Dia and
               Sungwoong Kim and
               Yoshua Bengio and
               Sungjin Ahn},
  title     = {Bayesian Model-Agnostic Meta-Learning},
  booktitle = {NeurIPS},
  pages     = {7343--7353},
  year      = {2018}
}

@inproceedings{matchingnet,
  author    = {Oriol Vinyals and
               Charles Blundell and
               Tim Lillicrap and
               Koray Kavukcuoglu and
               Daan Wierstra},
  title     = {Matching Networks for One Shot Learning},
  booktitle = {NeurIPS},
  pages     = {3630--3638},
  year      = {2016}
}

@inproceedings{relationnet,
  author    = {Flood Sung and
               Yongxin Yang and
               Li Zhang and
               Tao Xiang and
               Philip H. S. Torr and
               Timothy M. Hospedales},
  title     = {Learning to Compare: Relation Network for Few-Shot Learning},
  booktitle = {CVPR},
  pages     = {1199--1208},
  year      = {2018}
}

@inproceedings{DBLP:conf/acl-deeplo/KumarGLC19,
  author    = {Varun Kumar and
               Hadrien Glaude and
               Cyprien de Lichy and
               William Campbell},
  title     = {A Closer Look At Feature Space Data Augmentation For Few-Shot Intent
               Classification},
  booktitle = {EMNLP},
  pages     = {1--10},
  year      = {2019}
}

@inproceedings{promptda,
  author    = {Yufei Wang and
               Can Xu and
               Qingfeng Sun and
               Huang Hu and
               Chongyang Tao and
               Xiubo Geng and
               Daxin Jiang},
  title     = {PromDA: Prompt-based Data Augmentation for Low-Resource {NLU} Tasks},
  booktitle = {ACL},
  pages     = {4242--4255},
  year      = {2022}
}

@inproceedings{NIPS2015_250cf8b5,
  author = {Zhang, Xiang and Zhao, Junbo and LeCun, Yann},
  booktitle = {NeurIPS},
  title = {Character-level Convolutional Networks for Text Classification},
  year = {2015}
}

@inproceedings{DBLP:conf/nips/XieDHL020,
  author    = {Qizhe Xie and
               Zihang Dai and
               Eduard H. Hovy and
               Thang Luong and
               Quoc Le},
  title     = {Unsupervised Data Augmentation for Consistency Training},
  booktitle = {NeurIPS},
  year      = {2020}
}

@inproceedings{eda,
  author    = {Jason W. Wei and
               Kai Zou},
  title     = {{EDA:} Easy Data Augmentation Techniques for Boosting Performance
               on Text Classification Tasks},
  booktitle = {EMNLP},
  pages     = {6381--6387},
  year      = {2019}
}

@inproceedings{flipda,
  author    = {Jing Zhou and
               Yanan Zheng and
               Jie Tang and
               Li Jian and
               Zhilin Yang},
  title     = {FlipDA: Effective and Robust Data Augmentation for Few-Shot Learning},
  booktitle = {ACL},
  pages     = {8646--8665},
  publisher = {Association for Computational Linguistics},
  year      = {2022}
}

@inproceedings{DBLP:conf/icwsm/BozarthB20,
  author    = {Lia Bozarth and
               Ceren Budak},
  title     = {Toward a Better Performance Evaluation Framework for Fake News Classification},
  booktitle = {ICWSM},
  pages     = {60--71},
  year      = {2020}
}

@inproceedings{DBLP:conf/coling/LouvanM20,
  author    = {Samuel Louvan and
               Bernardo Magnini},
  title     = {Recent Neural Methods on Slot Filling and Intent Classification for
               Task-Oriented Dialogue Systems: {A} Survey},
  booktitle = {COLING},
  pages     = {480--496},
  year      = {2020}
}

@article{DBLP:journals/nca/KumarA21,
  author    = {J. Ashok Kumar and
               S. Abirami},
  title     = {Ensemble application of bidirectional {LSTM} and {GRU} for aspect
               category detection with imbalanced data},
  journal   = {Neural Computing and Applications},
  volume    = {33},
  number    = {21},
  pages     = {14603--14621},
  year      = {2021}
}

@inproceedings{DBLP:conf/nips/ZhangZL15,
  author    = {Xiang Zhang and
               Junbo Jake Zhao and
               Yann LeCun},
  title     = {Character-level Convolutional Networks for Text Classification},
  booktitle = {NeurIPS},
  pages     = {649--657},
  year      = {2015}
}

@inproceedings{DBLP:conf/acl/JohnsonZ17,
  author    = {Rie Johnson and
               Tong Zhang},
  title     = {Deep Pyramid Convolutional Neural Networks for Text Categorization},
  booktitle = {ACL},
  pages     = {562--570},
  year      = {2017}
}

@inproceedings{DBLP:conf/naacl/DevlinCLT19,
  author    = {Jacob Devlin and
               Ming{-}Wei Chang and
               Kenton Lee and
               Kristina Toutanova},
  title     = {{BERT:} Pre-training of Deep Bidirectional Transformers for Language
               Understanding},
  booktitle = {NAACL-HLT},
  pages     = {4171--4186},
  year      = {2019}
}

@inproceedings{DBLP:conf/aaai/SugawaraSIA20,
  author    = {Saku Sugawara and
               Pontus Stenetorp and
               Kentaro Inui and
               Akiko Aizawa},
  title     = {Assessing the Benchmarking Capacity of Machine Reading Comprehension
               Datasets},
  booktitle = {AAAI},
  pages     = {8918--8927},
  year      = {2020}
}

@inproceedings{ContrastNet, 
  author    = {Junfan Chen and Richong Zhang and Yongyi Mao and Jie Xu},
  title     = {ContrastNet: A Contrastive Learning Framework for Few-Shot Text Classification},
  booktitle = {AAAI},
  pages     = {10492-10500},
  year      = {2022}  
}

@inproceedings{lmbff,
  author    = {Tianyu Gao and
               Adam Fisch and
               Danqi Chen},
  title     = {Making Pre-trained Language Models Better Few-shot Learners},
  booktitle = {ACL},
  pages     = {3816--3830},
  year      = {2021}
}

@article{efl,
  author    = {Sinong Wang and
               Han Fang and
               Madian Khabsa and
               Hanzi Mao and
               Hao Ma},
  title     = {Entailment as Few-Shot Learner},
  journal   = {CoRR},
  year      = {2021}
}

@article{mann,
  author    = {Adam Santoro and
               Sergey Bartunov and
               Matthew M. Botvinick and
               Daan Wierstra and
               Timothy P. Lillicrap},
  title     = {One-shot Learning with Memory-Augmented Neural Networks},
  journal   = {CoRR},
  year      = {2016}
}

@inproceedings{metanet,
  author    = {Tsendsuren Munkhdalai and
               Hong Yu},
  title     = {Meta Networks},
  booktitle = {ICML},
  pages     = {2554--2563},
  year      = {2017}
}

@inproceedings{howard-ruder-2018-universal,
    title = {Universal Language Model Fine-tuning for Text Classification},
    author = {Howard Jeremy  and
              Ruder Sebastian},
    booktitle = {ACL},
    pages = {328--339},
    year = {2018},
}

@inproceedings{gururangan-etal-2020-dont,
    title = {Don{'}t Stop Pretraining: Adapt Language Models to Domains and Tasks},
    author = {Gururangan Suchin  and
      Marasovi{\'c} Ana  and
      Swayamdipta Swabha  and
      Lo Kyle  and
      Beltagy Iz  and
      Downey Doug  and
      Smith Noah A.},
    booktitle = {ACL},
    year = {2020},
    pages = {8342--8360},
}

@article{phang2018sentence,
  title={Sentence encoders on stilts: Supplementary training on intermediate labeled-data tasks},
  author={Phang, Jason and F{\'e}vry, Thibault and Bowman, Samuel R},
  journal   = {CoRR},
  year={2018}
}

@inproceedings{tpn,
  author    = {Yanbin Liu and
               Juho Lee and
               Minseop Park and
               Saehoon Kim and
               Eunho Yang and
               Sung Ju Hwang and
               Yi Yang},
  title     = {Learning to Propagate Labels: Transductive Propagation Network for
               Few-Shot Learning},
  booktitle = {ICLR},
  year      = {2019}
}

@inproceedings{laplacian,
  author    = {Imtiaz Masud Ziko and
               Jose Dolz and
               Eric Granger and
               Ismail Ben Ayed},
  title     = {Laplacian Regularized Few-Shot Learning},
  booktitle = {ICML},
  pages     = {11660--11670},
  year      = {2020}
}

@article{tim,
  author    = {Malik Boudiaf and
               Imtiaz Masud Ziko and
               J{\'{e}}r{\^{o}}me Rony and
               Jos{\'{e}} Dolz and
               Pablo Piantanida and
               Ismail Ben Ayed},
  title     = {Transductive Information Maximization For Few-Shot Learning},
  booktitle={NeurIPS},
  year      = {2020}
}
