@inproceedings{WuS22,
	author       = {Hui Wu and
	Xiaodong Shi},
	title        = {Adversarial Soft Prompt Tuning for Cross-Domain Sentiment Analysis},
	booktitle    = {Proceedings of the 60th Annual Meeting of the Association for Computational
	Linguistics, {ACL},
	May 22-27, 2022},
	pages        = {2438--2447},
	year         = {2022}
}

@inproceedings{BaoZHLMVDC19,
	author       = {Yu Bao and
	Hao Zhou and
	Shujian Huang and
	Lei Li and
	Lili Mou and
	Olga Vechtomova and
	Xin{-}Yu Dai and
	Jiajun Chen},
	title        = {Generating Sentences from Disentangled Syntactic and Semantic Spaces},
	booktitle    = {Proceedings of the 57th Conference of the Association for Computational
	Linguistics, {ACL} 2019},
	pages        = {6008--6019},
	year         = {2019},
}

@inproceedings{KingmaW13,
	author       = {Diederik P. Kingma and
	Max Welling},
	title        = {Auto-Encoding Variational Bayes},
	booktitle    = {2nd International Conference on Learning Representations, {ICLR} 2014},
	year         = {2014}
}

@inproceedings{WuG22,
	author       = {Ting Wu and
	Tao Gui},
	title        = {Less Is Better: Recovering Intended-Feature Subspace to Robustify
	{NLU} Models},
	booktitle    = {Proceedings of the 29th International Conference on Computational
	Linguistics, {COLING} 2022},
	pages        = {1666--1676},
	year         = {2022}
}

@inproceedings{UtamaMG20,
	author       = {Prasetya Ajie Utama and
	Nafise Sadat Moosavi and
	Iryna Gurevych},
	title        = {Mind the Trade-off: Debiasing {NLU} Models without Degrading the In-distribution
	Performance},
	booktitle    = {Proceedings of the 58th Annual Meeting of the Association for Computational
	Linguistics, {ACL} 2020},
	pages        = {8717--8729},
	year         = {2020}
}

@inproceedings{UtamaMG20b,
	author       = {Prasetya Ajie Utama and
	Nafise Sadat Moosavi and
	Iryna Gurevych},
	title        = {Towards Debiasing {NLU} Models from Unknown Biases},
	booktitle    = {Proceedings of the 2020 Conference on Empirical Methods in Natural
	Language Processing, {EMNLP} 2020},
	pages        = {7597--7610},
	year         = {2020}
}

@inproceedings{LaiZFHZ21,
	author       = {Yuxuan Lai and
	Chen Zhang and
	Yansong Feng and
	Quzhe Huang and
	Dongyan Zhao},
	title        = {Why Machine Reading Comprehension Models Learn Shortcuts?},
	booktitle    = {Findings of the Association for Computational Linguistics: {ACL/IJCNLP}
	2021},
	series       = {Findings of {ACL}},
	volume       = {{ACL/IJCNLP} 2021},
	pages        = {989--1002},
	year         = {2021}
}

@article{Yixuan2022,
	author       = {Yixuan Wei and
	Han Hu and
	Zhenda Xie and
	Zheng Zhang and
	Yue Cao and
	Jianmin Bao and
	Dong Chen and
	Baining Guo},
	title        = {Contrastive Learning Rivals Masked Image Modeling in Fine-tuning via
	Feature Distillation},
	journal      = {CoRR},
	volume       = {abs/2205.14141},
	year         = {2022},
	eprinttype    = {arXiv}
}

@inproceedings{DuMJDDGSH21,
	author       = {Mengnan Du and
	Varun Manjunatha and
	Rajiv Jain and
	Ruchi Deshpande and
	Franck Dernoncourt and
	Jiuxiang Gu and
	Tong Sun and
	Xia Hu},
	title        = {Towards Interpreting and Mitigating Shortcut Learning Behavior of
	{NLU} models},
	booktitle    = {Proceedings of the 2021 Conference of the North American Chapter of
	the Association for Computational Linguistics: Human Language Technologies,
	{NAACL-HLT} 2021},
	pages        = {915--929},
	year         = {2021}
}

@article{Ben-DavidRR20,
	author       = {Eyal Ben{-}David and
	Carmel Rabinovitz and
	Roi Reichart},
	title        = {{PERL:} Pivot-based Domain Adaptation for Pre-trained Deep Contextualized
	Embedding Models},
	journal      = {Trans. Assoc. Comput. Linguistics},
	volume       = {8},
	pages        = {504--521},
	year         = {2020}
}

@inproceedings{GrettonBRSS06,
	author       = {Arthur Gretton and
	Karsten M. Borgwardt and
	Malte J. Rasch and
	Bernhard Sch{\"{o}}lkopf and
	Alexander J. Smola},
	title        = {A Kernel Method for the Two-Sample-Problem},
	booktitle    = {Advances in Neural Information Processing Systems 19, Proceedings
	of the Twentieth Annual Conference on Neural Information Processing
	Systems, 2006},
	pages        = {513--520},
	year         = {2006}
}

@inproceedings{ZhouTWWXH20,
	author       = {Jie Zhou and
	Junfeng Tian and
	Rui Wang and
	Yuanbin Wu and
	Wenming Xiao and
	Liang He},
	title        = {SentiX: {A} Sentiment-Aware Pre-Trained Model for Cross-Domain Sentiment
	Analysis},
	booktitle    = {Proceedings of the 28th International Conference on Computational
	Linguistics, {COLING} 2020},
	pages        = {568--579},
	year         = {2020}
}

@inproceedings{ZiserR18,
	author       = {Yftah Ziser and
	Roi Reichart},
	title        = {Pivot Based Language Modeling for Improved Neural Domain Adaptation},
	booktitle    = {Proceedings of the 2018 Conference of the North American Chapter of
	the Association for Computational Linguistics: Human Language Technologies,
	{NAACL-HLT} 2018},
	pages        = {1241--1251},
	year         = {2018}
}

@inproceedings{ZhangHPJ18,
	author       = {Minlong Peng and
	Qi Zhang and
	Yu{-}Gang Jiang and
	Xuanjing Huang},
	title        = {Cross-Domain Sentiment Classification with Target Domain Specific
	Information},
	booktitle    = {Proceedings of the 56th Annual Meeting of the Association for Computational
	Linguistics, {ACL} 2018},
	pages        = {2505--2513},
	year         = {2018}
}

@inproceedings{QuZC0Z19,
	author       = {Xiaoye Qu and
	Zhikang Zou and
	Yu Cheng and
	Yang Yang and
	Pan Zhou},
	title        = {Adversarial Category Alignment Network for Cross-domain Sentiment
	Classification},
	booktitle    = {Proceedings of the 2019 Conference of the North American Chapter of
	the Association for Computational Linguistics: Human Language Technologies,
	{NAACL-HLT} 2019},
	pages        = {2496--2508},
	year         = {2019}
}

@inproceedings{LiLWBZY19,
	author       = {Zheng Li and
	Xin Li and
	Ying Wei and
	Lidong Bing and
	Yu Zhang and
	Qiang Yang},
	title        = {Transferable End-to-End Aspect-based Sentiment Analysis with Selective
	Adversarial Learning},
	booktitle    = {Proceedings of the 2019 Conference on Empirical Methods in Natural
	Language Processing and the 9th International Joint Conference on
	Natural Language Processing, {EMNLP-IJCNLP} 2019},
	pages        = {4589--4599},
	year         = {2019}
}

@inproceedings{DuSWQL20,
	author       = {Chunning Du and
	Haifeng Sun and
	Jingyu Wang and
	Qi Qi and
	Jianxin Liao},
	title        = {Adversarial and Domain-Aware {BERT} for Cross-Domain Sentiment Analysis},
	booktitle    = {Proceedings of the 58th Annual Meeting of the Association for Computational
	Linguistics, {ACL} 2020},
	pages        = {4019--4028},
	year         = {2020}
}

@inproceedings{KarouzosPP21,
	author       = {Constantinos Karouzos and
	Georgios Paraskevopoulos and
	Alexandros Potamianos},
	title        = {{UDALM:} Unsupervised Domain Adaptation through Language Modeling},
	booktitle    = {Proceedings of the 2021 Conference of the North American Chapter of
	the Association for Computational Linguistics: Human Language Technologies,
	{NAACL-HLT} 2021},
	pages        = {2579--2590},
	year         = {2021}
}

@article{GeirhosJMZBBW20,
	author       = {Robert Geirhos and
	J{\"{o}}rn{-}Henrik Jacobsen and
	Claudio Michaelis and
	Richard S. Zemel and
	Wieland Brendel and
	Matthias Bethge and
	Felix A. Wichmann},
	title        = {Shortcut learning in deep neural networks},
	journal      = {Nat. Mach. Intell.},
	volume       = {2},
	number       = {11},
	pages        = {665--673},
	year         = {2020}
}

@article{Yunlong2023,
	author       = {Yunlong Feng and
	Bohan Li and
	Libo Qin and
	Xiao Xu and
	Wanxiang Che},
	title        = {A Two-Stage Framework with Self-Supervised Distillation For Cross-Domain
	Text Classification},
	journal      = {CoRR},
	volume       = {abs/2304.09820},
	year         = {2023}
}

@inproceedings{HuangZCWY21,
	author       = {Yufan Huang and
	Yanzhe Zhang and
	Jiaao Chen and
	Xuezhi Wang and
	Diyi Yang},
	title        = {Continual Learning for Text Classification with Information Disentanglement
	Based Regularization},
	booktitle    = {Proceedings of the 2021 Conference of the North American Chapter of
	the Association for Computational Linguistics: Human Language Technologies,
	{NAACL-HLT} 2021},
	pages        = {2736--2746},
	year         = {2021}
}

@inproceedings{MoonMLLS21,
	author       = {Seung Jun Moon and
	Sangwoo Mo and
	Kimin Lee and
	Jaeho Lee and
	Jinwoo Shin},
	title        = {{MASKER:} Masked Keyword Regularization for Reliable Text Classification},
	booktitle    = {Thirty-Fifth {AAAI} Conference on Artificial Intelligence, {AAAI}
	2021},
	pages        = {13578--13586},
	year         = {2021}
}

@inproceedings{BlitzerDP07,
	author       = {John Blitzer and
	Mark Dredze and
	Fernando Pereira},
	title        = {Biographies, Bollywood, Boom-boxes and Blenders: Domain Adaptation
	for Sentiment Classification},
	booktitle    = {{ACL} 2007, Proceedings of the 45th Annual Meeting of the Association
	for Computational Linguistics},
	year         = {2007}
}

@inproceedings{YeTHLNB20,
	author       = {Hai Ye and
	Qingyu Tan and
	Ruidan He and
	Juntao Li and
	Hwee Tou Ng and
	Lidong Bing},
	title        = {Feature Adaptation of Pre-Trained Language Models across Languages
	and Domains with Robust Self-Training},
	booktitle    = {Proceedings of the 2020 Conference on Empirical Methods in Natural
	Language Processing, {EMNLP} 2020},
	pages        = {7386--7399},
	year         = {2020}
}

@inproceedings{ZhouTWWXH20,
	author       = {Jie Zhou and
	Junfeng Tian and
	Rui Wang and
	Yuanbin Wu and
	Wenming Xiao and
	Liang He},
	title        = {SentiX: {A} Sentiment-Aware Pre-Trained Model for Cross-Domain Sentiment
	Analysis},
	booktitle    = {Proceedings of the 28th International Conference on Computational
	Linguistics, {COLING} 2020},
	pages        = {568--579},
	year         = {2020}
}

@inproceedings{LuoGL022,
	author       = {Yun Luo and
	Fang Guo and
	Zihan Liu and
	Yue Zhang},
	title        = {Mere Contrastive Learning for Cross-Domain Sentiment Analysis},
	booktitle    = {Proceedings of the 29th International Conference on Computational
	Linguistics, {COLING} 2022},
	pages        = {7099--7111},
	year         = {2022},
}

@article{RoBERTa,
	author       = {Yinhan Liu and
	Myle Ott and
	Naman Goyal and
	Jingfei Du and
	Mandar Joshi and
	Danqi Chen and
	Omer Levy and
	Mike Lewis and
	Luke Zettlemoyer and
	Veselin Stoyanov},
	title        = {RoBERTa: {A} Robustly Optimized {BERT} Pretraining Approach},
	journal      = {CoRR},
	volume       = {abs/1907.11692},
	year         = {2019}
}

@inproceedings{DevlinCLT19,
	author       = {Jacob Devlin and
	Ming{-}Wei Chang and
	Kenton Lee and
	Kristina Toutanova},
	title        = {{BERT:} Pre-training of Deep Bidirectional Transformers for Language
	Understanding},
	booktitle    = {Proceedings of the 2019 Conference of the North American Chapter of
	the Association for Computational Linguistics: Human Language Technologies,
	{NAACL-HLT} 2019},
	pages        = {4171--4186},
	year         = {2019}
}

@inproceedings{LoshchilovH19,
	author       = {Ilya Loshchilov and
	Frank Hutter},
	title        = {Decoupled Weight Decay Regularization},
	booktitle    = {7th International Conference on Learning Representations, {ICLR} 2019},
	year         = {2019}
}

@inproceedings{YuJ16,
	author       = {Jianfei Yu and
	Jing Jiang},
	title        = {Learning Sentence Embeddings with Auxiliary Tasks for Cross-Domain
	Sentiment Classification},
	booktitle    = {Proceedings of the 2016 Conference on Empirical Methods in Natural
	Language Processing, {EMNLP} 2016},
	pages        = {236--246},
	year         = {2016}
}

@inproceedings{RamponiP20,
	author       = {Alan Ramponi and
	Barbara Plank},
	title        = {Neural Unsupervised Domain Adaptation in {NLP} - {A} Survey},
	booktitle    = {Proceedings of the 28th International Conference on Computational
	Linguistics, {COLING} 2020},
	pages        = {6838--6855},
	year         = {2020}
}

@inproceedings{LiWZY18,
	author       = {Zheng Li and
	Ying Wei and
	Yu Zhang and
	Qiang Yang},
	title        = {Hierarchical Attention Transfer Network for Cross-Domain Sentiment
	Classification},
	booktitle    = {Proceedings of the Thirty-Second {AAAI} Conference on Artificial Intelligence,
	(AAAI-18)},
	pages        = {5852--5859},
	year         = {2018}
}

@article{GaninUAGLLML16,
	author       = {Yaroslav Ganin and
	Evgeniya Ustinova and
	Hana Ajakan and
	Pascal Germain and
	Hugo Larochelle and
	Fran{\c{c}}ois Laviolette and
	Mario Marchand and
	Victor S. Lempitsky},
	title        = {Domain-Adversarial Training of Neural Networks},
	journal      = {J. Mach. Learn. Res.},
	volume       = {17},
	pages        = {59:1--59:35},
	year         = {2016}
}

@inproceedings{ChenCDHSSA16,
	author       = {Xi Chen and
	Yan Duan and
	Rein Houthooft and
	John Schulman and
	Ilya Sutskever and
	Pieter Abbeel},
	title        = {InfoGAN: Interpretable Representation Learning by Information Maximizing
	Generative Adversarial Nets},
	booktitle    = {Advances in Neural Information Processing Systems 29: Annual Conference
	on Neural Information Processing Systems 2016},
	pages        = {2172--2180},
	year         = {2016}
}

@inproceedings{JohnMBV19,
	author       = {Vineet John and
	Lili Mou and
	Hareesh Bahuleyan and
	Olga Vechtomova},
	title        = {Disentangled Representation Learning for Non-Parallel Text Style Transfer},
	booktitle    = {Proceedings of the 57th Conference of the Association for Computational
	Linguistics, {ACL} 2019},
	pages        = {424--434},
	year         = {2019}
}

@inproceedings{BaoZHLMVDC19,
	author       = {Yu Bao and
	Hao Zhou and
	Shujian Huang and
	Lei Li and
	Lili Mou and
	Olga Vechtomova and
	Xin{-}Yu Dai and
	Jiajun Chen},
	title        = {Generating Sentences from Disentangled Syntactic and Semantic Spaces},
	booktitle    = {Proceedings of the 57th Conference of the Association for Computational
	Linguistics, {ACL} 2019},
	pages        = {6008--6019},
	year         = {2019}
}

@inproceedings{PergolaGH21,
	author       = {Gabriele Pergola and
	Lin Gui and
	Yulan He},
	title        = {A Disentangled Adversarial Neural Topic Model for Separating Opinions
	from Plots in User Reviews},
	booktitle    = {Proceedings of the 2021 Conference of the North American Chapter of
	the Association for Computational Linguistics: Human Language Technologies,
	{NAACL-HLT} 2021},
	pages        = {2870--2883},
	year         = {2021}
}

@inproceedings{ColomboSNP22,
	author       = {Pierre Colombo and
	Guillaume Staerman and
	Nathan Noiry and
	Pablo Piantanida},
	title        = {Learning Disentangled Textual Representations via Statistical Measures
	of Similarity},
	booktitle    = {Proceedings of the 60th Annual Meeting of the Association for Computational
	Linguistics (Volume 1: Long Papers), {ACL} 2022},
	pages        = {2614--2630},
	year         = {2022}
}

@article{vandermaaten08a,
	author  = {Laurens van der Maaten and Geoffrey Hinton},
	title   = {Visualizing Data using t-SNE},
	journal = {Journal of Machine Learning Research},
	year    = {2008},
	volume  = {9},
	number  = {86},
	pages   = {2579--2605}
}

@article{DistilBERT,
	author       = {Victor Sanh and
	Lysandre Debut and
	Julien Chaumond and
	Thomas Wolf},
	title        = {DistilBERT, a distilled version of {BERT:} smaller, faster, cheaper
	and lighter},
	journal      = {CoRR},
	volume       = {abs/1910.01108},
	year         = {2019}
}

@article{Fotopoulos07,
	author       = {Stergios B. Fotopoulos},
	title        = {All of Nonparametric Statistics},
	journal      = {Technometrics},
	volume       = {49},
	number       = {1},
	pages        = {103},
	year         = {2007}
}

@inproceedings{LiWJZ22,
	author       = {Shichen Li and
	Zhongqing Wang and
	Xiaotong Jiang and
	Guodong Zhou},
	title        = {Cross-Domain Sentiment Classification using Semantic Representation},
	booktitle    = {Findings of the Association for Computational Linguistics: {EMNLP}
	2022},
	pages        = {289--299},
	year         = {2022}
}

@article{kawata1949characterisation,
	title={On the characterisation of the normal population by the independence of the sample mean and the sample variance},
	author={Kawata, Tatsuo and Sakamoto, Heihati},
	journal={Journal of the Mathematical Society of Japan},
	volume={1},
	number={2},
	pages={111--115},
	year={1949},
}

@inproceedings{HeLGC21,
	author       = {Pengcheng He and
	Xiaodong Liu and
	Jianfeng Gao and
	Weizhu Chen},
	title        = {Deberta: decoding-Enhanced Bert with Disentangled Attention},
	booktitle    = {9th International Conference on Learning Representations, {ICLR} 2021},
	year         = {2021}
}

@article{OPT,
	author       = {Susan Zhang and
	Stephen Roller and
	Naman Goyal and
	Mikel Artetxe and
	Moya Chen and
	Shuohui Chen and
	Christopher Dewan and
	Mona T. Diab and
	Xian Li and
	Xi Victoria Lin and
	Todor Mihaylov and
	Myle Ott and
	Sam Shleifer and
	Kurt Shuster and
	Daniel Simig and
	Punit Singh Koura and
	Anjali Sridhar and
	Tianlu Wang and
	Luke Zettlemoyer},
	title        = {{OPT:} Open Pre-trained Transformer Language Models},
	journal      = {CoRR},
	volume       = {abs/2205.01068},
	year         = {2022}
}