@InProceedings{Gurevych16,
  author = 	"Habernal, Ivan
		and Gurevych, Iryna",
  title = 	"Which argument is more convincing? Analyzing and predicting convincingness of Web arguments using bidirectional LSTM",
  booktitle = 	"ACL 2016",
  year = 	"2016",
  publisher = 	"Association for Computational Linguistics",
  pages = "1589--1599",
  address = "Berlin, Germany",
  doi = 	"10.18653/v1/P16-1150",
  url = 	"http://aclweb.org/anthology/P16-1150"
}


@Article{Gurevych18,
  author = 	"Simpson, Edwin D
		and Gurevych, Iryna",
  title = 	"Finding Convincing Arguments Using Scalable Bayesian Preference Learning",
  journal = 	"TACL",
  year = 	"2018",
  volume = 	"6",
  pages = 	"357--371",
  url = 	"http://aclweb.org/anthology/Q18-1026"
}

@article{BERT18,
  author    = {Jacob Devlin and
               Ming{-}Wei Chang and
               Kenton Lee and
               Kristina Toutanova},
  title     = {{BERT:} Pre-training of Deep Bidirectional Transformers for Language
               Understanding},
  journal   = {CoRR},
  volume    = {abs/1810.04805},
  year      = {2018},
  url       = {http://arxiv.org/abs/1810.04805},
  archivePrefix = {arXiv},
  eprint    = {1810.04805},
  timestamp = {Tue, 30 Oct 2018 20:39:56 +0100},
  biburl    = {https://dblp.org/rec/bib/journals/corr/abs-1810-04805},
  bibsource = {dblp computer science bibliography, https://dblp.org}
}

@article{GLUE,
  author    = {Alex Wang and
               Amanpreet Singh and
               Julian Michael and
               Felix Hill and
               Omer Levy and
               Samuel R. Bowman},
  title     = {{GLUE:} {A} Multi-Task Benchmark and Analysis Platform for Natural
               Language Understanding},
  journal   = {CoRR},
  volume    = {abs/1804.07461},
  year      = {2018},
  url       = {http://arxiv.org/abs/1804.07461},
  archivePrefix = {arXiv},
  eprint    = {1804.07461},
  timestamp = {Mon, 13 Aug 2018 16:46:56 +0200},
  biburl    = {https://dblp.org/rec/bib/journals/corr/abs-1804-07461},
  bibsource = {dblp computer science bibliography, https://dblp.org}
}

@article{Cohen1960,
 title={A coefficient of agreement for nominal
scales},
 author={Cohen},
 journal={Educ Psychol Meas},
 pages={37-46},
 year={1960},
}

@InProceedings{Wachsmuth2017,
  author = 	"Wachsmuth, Henning
		and Naderi, Nona
		and Hou, Yufang
		and Bilu, Yonatan
		and Prabhakaran, Vinodkumar
		and Thijm, Tim Alberdingk
		and Hirst, Graeme
		and Stein, Benno",
  title = 	"Computational Argumentation Quality Assessment in Natural Language",
  booktitle = 	"EACL 2017",
  year = 	"2017",
  publisher = 	"Association for Computational Linguistics",
  pages = 	"176--187",
  address = 	"Valencia, Spain",
  url = 	"http://aclweb.org/anthology/E17-1017"
}

@inproceedings{BenchCapon09,
 author = {Bench-Capon, Trevor and Atkinson, Katie and McBurney, Peter},
 title = {Altruism and Agents: An Argumentation Based Approach to Designing Agent Decision Mechanisms},
 booktitle = {AAMAS 2009},
 year = {2009},
 isbn = {978-0-9817381-7-8},
 location = {Budapest, Hungary},
 pages = {1073--1080},
 numpages = {8},
 url = {http://dl.acm.org/citation.cfm?id=1558109.1558163},
 acmid = {1558163},
 publisher = {International Foundation for Autonomous Agents and Multiagent Systems},
 address = {Richland, SC},
} 

@inproceedings{WachsmuthWeb,
    title = "Building an Argument Search Engine for the Web",
    author = "Wachsmuth, Henning  and
      Potthast, Martin  and
      Al-Khatib, Khalid  and
      Ajjour, Yamen  and
      Puschmann, Jana  and
      Qu, Jiani  and
      Dorsch, Jonas  and
      Morari, Viorel  and
      Bevendorff, Janek  and
      Stein, Benno",
    booktitle = "Argmining@EMNLP 2017",
    month = sep,
    year = "2017",
    address = "Copenhagen, Denmark",
    publisher = "Association for Computational Linguistics",
    url = "https://www.aclweb.org/anthology/W17-5106",
    doi = "10.18653/v1/W17-5106",
    pages = "49--59",
}

@book{Walton2008,
  author    = {Douglas Walton and
               Chris Reed and
               Fabrizio Macagno},
  title     = {Argumentation Schemes},
  publisher = {Cambridge University Press},
  year      = {2008}
}

@inproceedings{Braunstain16,
  author    = {Liora Braunstain and
               Oren Kurland and
               David Carmel and
               Idan Szpektor and
               Anna Shtok},
  title     = {Supporting Human Answers for Advice-Seeking Questions in {CQA} Sites},
  booktitle = {ECIR 2016},
  volume    = {9626},
  pages     = {129--141},
  publisher = {Springer},
  year      = {2016}
}

@book{Aristotle07,
 title={On Rhetoric: A Theory of Civic Discourse},
 author={Aristotle and Kennedy, G.A. and Kennedy, G.A.},
 isbn={9780195064872},
 lccn={90020342},
 url={https://books.google.co.il/books?id=QQFc4FwQz-wC},
 year={1991},
 publisher={Oxford University Press},
 address={Oxford, }
}

@InProceedings{ACL-16-tutorial,
  author = 	"Reed, Chris",
  title = 	"Proceedings of the Third Workshop on Argument Mining (ArgMining2016)",
  booktitle = 	"ArgMining@ACL 2016",
  year = 	"2016",
  publisher = 	"Association for Computational Linguistics",
  address = 	"Berlin, Germany",
  url = 	"http://aclweb.org/anthology/W16-2800"
}

@inproceedings{hovyMACE,
    title = "Learning Whom to Trust with {MACE}",
    author = "Hovy, Dirk  and
      Berg-Kirkpatrick, Taylor  and
      Vaswani, Ashish  and
      Hovy, Eduard",
    booktitle = "NAACL-HLT 2013",
    month = jun,
    year = "2013",
    address = "Atlanta, Georgia",
    publisher = "Association for Computational Linguistics",
    url = "https://www.aclweb.org/anthology/N13-1132",
    pages = "1120--1130",
}

@inproceedings{Pennington14glove,
    title = "{G}love: Global Vectors for Word Representation",
    author = "Pennington, Jeffrey  and
      Socher, Richard  and
      Manning, Christopher",
    booktitle = "EMNLP 2014",
    month = oct,
    year = "2014",
    address = "Doha, Qatar",
    publisher = "Association for Computational Linguistics",
    url = "https://www.aclweb.org/anthology/D14-1162",
    doi = "10.3115/v1/D14-1162",
    pages = "1532--1543",
}


@techreport{settles2009active,
  added-at = {2011-03-25T11:05:49.000+0100},
  author = {Settles, Burr},
  biburl = {https://www.bibsonomy.org/bibtex/211a6f820b613ae8cacc5cccfe41f6b38/beate},
  institution = {University of Wisconsin--Madison},
  interhash = {d21ffc0eaffcf51e86e81779fe2b22c2},
  intrahash = {11a6f820b613ae8cacc5cccfe41f6b38},
  keywords = {active-learning literature-review spam-detection survey},
  number = 1648,
  timestamp = {2011-03-25T11:05:49.000+0100},
  title = {Active Learning Literature Survey},
  type = {Computer Sciences Technical Report},
  url = {http://axon.cs.byu.edu/~martinez/classes/778/Papers/settles.activelearning.pdf},
  year = 2009
}



@inproceedings{habernal-gurevych-2016-makes,
    title = "What makes a convincing argument? Empirical analysis and detecting attributes of convincingness in Web argumentation",
    author = "Habernal, Ivan  and
      Gurevych, Iryna",
    booktitle = "EMNLP 2016",
    month = nov,
    year = "2016",
    address = "Austin, Texas",
    publisher = "Association for Computational Linguistics",
    url = "https://www.aclweb.org/anthology/D16-1129",
    doi = "10.18653/v1/D16-1129",
    pages = "1214--1223",
}

@inproceedings{Chen:2013,
 author = {Chen, Xi and Bennett, Paul N. and Collins-Thompson, Kevyn and Horvitz, Eric},
 title = {Pairwise Ranking Aggregation in a Crowdsourced Setting},
 booktitle = {WSDM 2013},
 year = {2013},
 isbn = {978-1-4503-1869-3},
 address = {Rome, Italy},
 pages = {193--202},
 numpages = {10},
 url = {http://doi.acm.org/10.1145/2433396.2433420},
 doi = {10.1145/2433396.2433420},
 acmid = {2433420},
 publisher = {ACM},
 address = {New York, NY, USA},
 keywords = {crowdsourcing, pairwise preference, ranking},
} 
@Article{Aranberri2017,
author="Aranberri, Nora
and Labaka, Gorka
and D{\'i}az de Ilarraza, Arantza
and Sarasola, Kepa",
title="Ebaluatoia: crowd evaluation for English--Basque machine translation",
journal="Language Resources and Evaluation",
year="2017",
month="Dec",
day="01",
volume="51",
number="4",
pages="1053--1084",
issn="1574-0218",
doi="10.1007/s10579-016-9335-x",
url="https://doi.org/10.1007/s10579-016-9335-x"
}

@inproceedings{swanson2015argument,
    title = "Argument Mining: Extracting Arguments from Online Dialogue",
    author = "Swanson, Reid  and
      Ecker, Brian  and
      Walker, Marilyn",
    booktitle = "SIGDIAL 2015",
    month = sep,
    year = "2015",
    address = "Prague, Czech Republic",
    publisher = "Association for Computational Linguistics",
    url = "https://www.aclweb.org/anthology/W15-4631",
    doi = "10.18653/v1/W15-4631",
    pages = "217--226",
}

@inproceedings{levy2018,
    title = "Towards an argumentative content search engine using weak supervision",
    author = "Levy, Ran  and
      Bogin, Ben  and
      Gretz, Shai  and
      Aharonov, Ranit  and
      Slonim, Noam",
    booktitle = "COLING 2018",
    month = aug,
    year = "2018",
    address = "Santa Fe, New Mexico, USA",
    publisher = "Association for Computational Linguistics",
    url = "https://www.aclweb.org/anthology/C18-1176",
    pages = "2066--2081",
}

@inproceedings{Peters:2018,
    title = "Deep Contextualized Word Representations",
    author = "Peters, Matthew  and
      Neumann, Mark  and
      Iyyer, Mohit  and
      Gardner, Matt  and
      Clark, Christopher  and
      Lee, Kenton  and
      Zettlemoyer, Luke",
     booktitle={NAACL-HLT 2018},
    month = jun,
    year = "2018",
    address = "New Orleans, Louisiana",
    publisher = "Association for Computational Linguistics",
    url = "https://www.aclweb.org/anthology/N18-1202",
    doi = "10.18653/v1/N18-1202",
    pages = "2227--2237",
}


@inproceedings{gleizeACL2019,
    title = "Are You Convinced? Choosing the More Convincing Evidence with a {S}iamese Network",
    author = "Gleize, Martin  and
      Shnarch, Eyal  and
      Choshen, Leshem  and
      Dankin, Lena  and
      Moshkowich, Guy  and
      Aharonov, Ranit  and
      Slonim, Noam",
    booktitle = "ACL 2019",
    month = jul,
    year = "2019",
    address = "Florence, Italy",
    publisher = "Association for Computational Linguistics",
    url = "https://www.aclweb.org/anthology/P19-1093",
    pages = "967--976",
}

@article{liu2019linguistic,
  title={Linguistic knowledge and transferability of contextual representations},
  author={Liu, Nelson F and Gardner, Matt and Belinkov, Yonatan and Peters, Matthew and Smith, Noah A},
  journal={arXiv preprint arXiv:1903.08855},
  year={2019}
}

@article{clark2019does,
  title={What Does BERT Look At? An Analysis of BERT's Attention},
  author={Clark, Kevin and Khandelwal, Urvashi and Levy, Omer and Manning, Christopher D},
  journal={arXiv preprint arXiv:1906.04341},
  year={2019}
}

@article{maaten2008visualizing,
  title={Visualizing data using t-SNE},
  author={Maaten, Laurens van der and Hinton, Geoffrey},
  journal={Journal of machine learning research},
  volume={9},
  number={Nov},
  pages={2579--2605},
  year={2008}
}

@article{steiger1980tests,
  added-at = {2017-01-12T09:10:09.000+0100},
  author = {Steiger, James H},
  biburl = {https://www.bibsonomy.org/bibtex/2f4f4bf8f80a89d2ea5e8bc800d826219/thoni},
  interhash = {95f28732968d01d29a715a9b309f8c1c},
  intrahash = {f4f4bf8f80a89d2ea5e8bc800d826219},
  journal = {Psychological Bulletin},
  keywords = {correlation testing},
  number = 2,
  pages = 245,
  publisher = {American Psychological Association},
  timestamp = {2017-01-12T09:10:09.000+0100},
  title = {Tests for comparing elements of a correlation matrix.},
  volume = 87,
  year = 1980
}

@book{williams59,
  title={Regression Analysis},
  author={Williams, E. J.},
  volume = 14,
  publisher = {Wiley New York},
  year={1959}
}

@inproceedings{Graham14,
    title = "Testing for Significance of Increased Correlation with Human Judgment",
    author = "Graham, Yvette  and
      Baldwin, Timothy",
    booktitle = "EMNLP 2014",
    month = oct,
    year = "2014",
    address = "Doha, Qatar",
    publisher = "Association for Computational Linguistics",
    url = "https://www.aclweb.org/anthology/D14-1020",
    doi = "10.3115/v1/D14-1020",
    pages = "172--176",
}

@inproceedings{Graham15,
    title = "Improving Evaluation of Machine Translation Quality Estimation",
    author = "Graham, Yvette",
    booktitle = "ACL-IJCNLP 2015",
    month = jul,
    year = "2015",
    address = "Beijing, China",
    publisher = "Association for Computational Linguistics",
    url = "https://www.aclweb.org/anthology/P15-1174",
    doi = "10.3115/v1/P15-1174",
    pages = "1804--1813",
}
@article{LippiTorroni,
 author = {Lippi, Marco and Torroni, Paolo},
 title = {Argumentation Mining: State of the Art and Emerging Trends},
 journal = {ACM Trans. Internet Technol.},
 issue_date = {April 2016},
 volume = {16},
 number = {2},
 month = mar,
 year = {2016},
 issn = {1533-5399},
 pages = {10:1--10:25},
 articleno = {10},
 numpages = {25},
 url = {http://doi.acm.org/10.1145/2850417},
 doi = {10.1145/2850417},
 acmid = {2850417},
 publisher = {ACM},
 address = {New York, NY, USA},
 keywords = {Argumentation mining, artificial intelligence, computational linguistics, knowledge representation, machine learning, social media},
}

@inproceedings{Levy14,
    title = "Context Dependent Claim Detection",
    author = "Levy, Ran  and
      Bilu, Yonatan  and
      Hershcovich, Daniel  and
      Aharoni, Ehud  and
      Slonim, Noam",
    booktitle = "COLING 2014",
    month = aug,
    year = "2014",
    address = "Dublin, Ireland",
    publisher = "Dublin City University and Association for Computational Linguistics",
    url = "https://www.aclweb.org/anthology/C14-1141",
    pages = "1489--1500",
}

@inproceedings{rinott15,
    title = "Show Me Your Evidence - an Automatic Method for Context Dependent Evidence Detection",
    author = "Rinott, Ruty  and
      Dankin, Lena  and
      Alzate Perez, Carlos  and
      Khapra, Mitesh M.  and
      Aharoni, Ehud  and
      Slonim, Noam",
    booktitle = "EMNLP 2015",
    month = sep,
    year = "2015",
    address = "Lisbon, Portugal",
    publisher = "Association for Computational Linguistics",
    url = "https://www.aclweb.org/anthology/D15-1050",
    doi = "10.18653/v1/D15-1050",
    pages = "440--450",
}

@article{GurevychClustering19,
  author    = {Nils Reimers and
               Benjamin Schiller and
               Tilman Beck and
               Johannes Daxenberger and
               Christian Stab and
               Iryna Gurevych},
  title     = {Classification and Clustering of Arguments with Contextualized Word
               Embeddings},
  journal   = {CoRR},
  volume    = {abs/1906.09821},
  year      = {2019},
  url       = {http://arxiv.org/abs/1906.09821},
  archivePrefix = {arXiv},
  eprint    = {1906.09821},
  timestamp = {Thu, 27 Jun 2019 18:54:51 +0200},
  biburl    = {https://dblp.org/rec/bib/journals/corr/abs-1906-09821},
  bibsource = {dblp computer science bibliography, https://dblp.org}
}
@inproceedings{bar-haim17,
    title = "Stance Classification of Context-Dependent Claims",
    author = "Bar-Haim, Roy  and
      Bhattacharya, Indrajit  and
      Dinuzzo, Francesco  and
      Saha, Amrita  and
      Slonim, Noam",
    booktitle = "EACL 2017",
    month = apr,
    year = "2017",
    address = "Valencia, Spain",
    publisher = "Association for Computational Linguistics",
    url = "https://www.aclweb.org/anthology/E17-1024",
    pages = "251--261",
}


@inproceedings{stabGurevych14,
    title = "Annotating Argument Components and Relations in Persuasive Essays",
    author = "Stab, Christian  and
      Gurevych, Iryna",
    booktitle = "COLING 2014",
    month = aug,
    year = "2014",
    address = "Dublin, Ireland",
    publisher = "Dublin City University and Association for Computational Linguistics",
    url = "https://www.aclweb.org/anthology/C14-1142",
    pages = "1501--1510",
}

@article{Stab2017,
 author = {Stab, Christian and Gurevych, Iryna},
 title = {Parsing Argumentation Structures in Persuasive Essays},
 journal = {Comput. Linguist.},
 issue_date = {September 2017},
 volume = {43},
 number = {3},
 month = sep,
 year = {2017},
 issn = {0891-2017},
 pages = {619--659},
 numpages = {41},
 url = {https://doi.org/10.1162/COLI_a_00295},
 doi = {10.1162/COLI_a_00295},
 acmid = {3160790},
 publisher = {MIT Press},
 address = {Cambridge, MA, USA},
}

@book{hartigan1975,
 author = {Hartigan, John A.},
 title = {Clustering Algorithms},
 year = {1975},
 isbn = {047135645X},
 edition = {99th},
 publisher = {John Wiley \& Sons, Inc.},
 address = {New York, NY, USA},
}

@article{vanDerMaaten2008,
  added-at = {2015-06-19T12:07:15.000+0200},
  author = {van der Maaten, Laurens and Hinton, Geoffrey},
  biburl = {https://www.bibsonomy.org/bibtex/28b9aebb404ad4a4c6a436ea413550b30/lopusz_kdd},
  interhash = {370ba8b9e1909b61880a6f47c93bcd49},
  intrahash = {8b9aebb404ad4a4c6a436ea413550b30},
  journal = {Journal of Machine Learning Research},
  keywords = {dimensionality_reduction tSNE visualization},
  pages = {2579--2605},
  timestamp = {2015-08-19T15:19:11.000+0200},
  title = {Visualizing Data using {t-SNE} },
  url = {http://www.jmlr.org/papers/v9/vandermaaten08a.html},
  volume = 9,
  year = 2008
}

@inproceedings{habernal-etal-2018-argument,
    title = "The Argument Reasoning Comprehension Task: Identification and Reconstruction of Implicit Warrants",
    author = "Habernal, Ivan  and
      Wachsmuth, Henning  and
      Gurevych, Iryna  and
      Stein, Benno",
    booktitle = "NAACL-HLT 2018",
    month = jun,
    year = "2018",
    address = "New Orleans, Louisiana",
    publisher = "Association for Computational Linguistics",
    url = "https://www.aclweb.org/anthology/N18-1175",
    doi = "10.18653/v1/N18-1175",
    pages = "1930--1940",
}

@inproceedings{Toledo19,
    title = "Automatic Argument Quality Assessment - New Datasets and Methods",
    author = "Toledo, Assaf  and
      Gretz, Shai  and
      Cohen-Karlik, Edo  and
      Friedman, Roni  and
      Venezian, Elad  and
      Lahav, Dan  and
      Jacovi, Michal  and
      Aharonov, Ranit  and
      Slonim, Noam",
    booktitle = "EMNLP-IJCNLP 2019",
    month = nov,
    year = "2019",
    address = "Hong Kong, China",
    publisher = "Association for Computational Linguistics",
    url = "https://www.aclweb.org/anthology/D19-1564",
    doi = "10.18653/v1/D19-1564",
    pages = "5629--5639",
}

@book{perelman69new,
  added-at = {2010-12-17T18:47:41.000+0100},
  author = {Perelman, Chaim and Olbrechts-Tyteca, L.},
  biburl = {https://www.bibsonomy.org/bibtex/26df984a74d4fed605b3634b6e128b2cc/mortimer_m8},
  citeulike-article-id = {164781},
  citeulike-linkout-0 = {http://www.amazon.ca/exec/obidos/redirect?tag=citeulike09-20\&amp;path=ASIN/0268004463},
  citeulike-linkout-1 = {http://www.amazon.de/exec/obidos/redirect?tag=citeulike01-21\&amp;path=ASIN/0268004463},
  citeulike-linkout-2 = {http://www.amazon.fr/exec/obidos/redirect?tag=citeulike06-21\&amp;path=ASIN/0268004463},
  citeulike-linkout-3 = {http://www.amazon.co.uk/exec/obidos/ASIN/0268004463/citeulike00-21},
  citeulike-linkout-4 = {http://www.amazon.com/exec/obidos/redirect?tag=citeulike07-20\&path=ASIN/0268004463},
  citeulike-linkout-5 = {http://www.worldcat.org/isbn/0268004463},
  citeulike-linkout-6 = {http://books.google.com/books?vid=ISBN0268004463},
  citeulike-linkout-7 = {http://www.amazon.com/gp/search?keywords=0268004463\&index=books\&linkCode=qs},
  citeulike-linkout-8 = {http://www.librarything.com/isbn/0268004463},
  day = 01,
  howpublished = {Paperback},
  interhash = {4304c79e4e8467864c791fecd524d6d9},
  intrahash = {6df984a74d4fed605b3634b6e128b2cc},
  isbn = {0268004463},
  keywords = {phd-bibtex-import, philosophy, rhetoric},
  month = {June},
  posted-at = {2005-04-19 14:44:38},
  priority = {0},
  publisher = {University of Notre Dame Press},
  timestamp = {2010-12-20T11:11:25.000+0100},
  title = {{The New Rhetoric: A Treatise on Argumentation}},
  url = {http://www.amazon.com/exec/obidos/redirect?tag=citeulike07-20\&path=ASIN/0268004463},
  year = 1969,
  address = {Notre Dame, Indiana}
}

@article{graham:2017, 
    title={Can machine translation systems be evaluated by the crowd alone}, 
    volume={23}, 
    DOI={10.1017/S1351324915000339}, 
    number={1}, 
    journal={Natural Language Engineering}, 
    publisher={Cambridge University Press}, 
    author={GRAHAM, YVETTE and BALDWIN, TIMOTHY and MOFFAT, ALISTAIR and ZOBEL, JUSTIN}, 
    year={2017}, 
    pages={3–30}
}

@inproceedings{durmus2019,
    title = "The Role of Pragmatic and Discourse Context in Determining Argument Impact",
    author = "Durmus, Esin  and
      Ladhak, Faisal  and
      Cardie, Claire",
    booktitle = "EMNLP-IJCNLP 2019",
    month = nov,
    year = "2019",
    address = "Hong Kong, China",
    publisher = "Association for Computational Linguistics",
    url = "https://www.aclweb.org/anthology/D19-1568",
    doi = "10.18653/v1/D19-1568",
    pages = "5672--5682"
}

@inproceedings{potashRanking2019,
    title = "Ranking Passages for Argument Convincingness",
    author = "Potash, Peter  and
      Ferguson, Adam  and
      Hazen, Timothy J.",
    booktitle = "ArgMining@ACL 2019",
    month = aug,
    year = "2019",
    address = "Florence, Italy",
    publisher = "Association for Computational Linguistics",
    url = "https://www.aclweb.org/anthology/W19-4517",
    doi = "10.18653/v1/W19-4517",
    pages = "146--155"
}

@inproceedings{PotashPairs2017,
    title = "Length, Interchangeability, and External Knowledge: Observations from Predicting Argument Convincingness",
    author = "Potash, Peter  and
      Bhattacharya, Robin  and
      Rumshisky, Anna",
    booktitle = "IJCNLP 2017",
    month = nov,
    year = "2017",
    address = "Taipei, Taiwan",
    publisher = "Asian Federation of Natural Language Processing",
    url = "https://www.aclweb.org/anthology/I17-1035",
    pages = "342--351"
}

@article{Tan16,
  author    = {Chenhao Tan and
               Vlad Niculae and
               Cristian Danescu{-}Niculescu{-}Mizil and
               Lillian Lee},
  title     = {Winning Arguments: Interaction Dynamics and Persuasion Strategies
               in Good-faith Online Discussions},
  journal   = {CoRR},
  volume    = {abs/1602.01103},
  year      = {2016},
  url       = {http://arxiv.org/abs/1602.01103},
  archivePrefix = {arXiv},
  eprint    = {1602.01103},
  timestamp = {Mon, 13 Aug 2018 16:46:53 +0200},
  biburl    = {https://dblp.org/rec/bib/journals/corr/TanNDL16},
  bibsource = {dblp computer science bibliography, https://dblp.org}
}

@article {Slonim18297,
	author = {Slonim, Noam and Atwal, Gurinder Singh and Tka{\v c}ik, Ga{\v s}per and Bialek, William},
	title = {Information-based clustering},
	volume = {102},
	number = {51},
	pages = {18297--18302},
	year = {2005},
	doi = {10.1073/pnas.0507432102},
	publisher = {National Academy of Sciences},
	issn = {0027-8424},
	URL = {https://www.pnas.org/content/102/51/18297},
	eprint = {https://www.pnas.org/content/102/51/18297.full.pdf},
	journal = {Proceedings of the National Academy of Sciences}
}

@unpublished{ein-dor19,
author = "Ein-Dor, Liat and Dankin, Lena and Shnarch, Eyal and Halfon, Alon and Sznajder, Benjamin and Gera, Ariel and Alzate, Carlos and Gleize, Martin and Choshen, Leshem and Hou, Yufang and Bilu, Yonatan and Aharonov, Ranit and Slonim, Noam",
title = "Corpus Wide Argument Mining - a Working Solution",
booktitle = "AAAI 2019",
year = "2019",
note = "Forthcoming"
}

