@misc{philipp_schlegel_2022_7308283,
  author       = {Philipp Schlegel and
                  Aaron Gokaslan and
                  Tom Kazimiers},
  title        = {navis-org/skeletor: Version 1.2.3},
  month        = nov,
  year         = 2022,
  publisher    = {Zenodo},
  version      = {v1.2.3},
  doi          = {10.5281/zenodo.7308283},
}

@inproceeding{Cuturi-Nips13,
 author = {Marco Cuturi},
 title = {Sinkhorn distances: Lightspeed computation of optimal transport},
booktitle = {Neural Information Processing Systems},
year = {2013}
} 

@inproceedings{MoCoV1-CVPR-2020,
  title={Momentum contrast for unsupervised visual representation learning},
  author={He, Kaiming and Fan, Haoqi and Wu, Yuxin and Xie, Saining and Girshick, Ross},
  booktitle={Proceedings of the IEEE/CVF Conference on Computer Vision and Pattern Recognition (CVPR)},
  pages={9729--9738},
  year={2020}
}

@inproceedings{SimSiam-CVPR-2021,
  title={Exploring simple siamese representation learning},
  author={Chen, Xinlei and He, Kaiming},
  booktitle={Proceedings of the IEEE/CVF Conference on Computer Vision and Pattern Recognition (CVPR)},
  pages={15750--15758},
  year={2021}
}

@article{MoCoV2-CVPR-2020,
  title={Improved baselines with momentum contrastive learning},
  author={Chen, Xinlei and Fan, Haoqi and Girshick, Ross and He, Kaiming},
  journal={arXiv preprint arXiv:2003.04297},
  year={2020}
}

@inproceedings{SimCLR-ICML-2020,
  author    = {Ting Chen and
               Simon Kornblith and
               Mohammad Norouzi and
               Geoffrey E. Hinton},
  title     = {A Simple Framework for Contrastive Learning of Visual Representations},
  booktitle = {International Conference on Machine Learning},
  volume    = {119},
  pages     = {1597--1607},
  year      = {2020},
  timestamp = {Tue, 15 Dec 2020 17:40:18 +0100},
  biburl    = {https://dblp.org/rec/conf/icml/ChenK0H20.bib},
  bibsource = {dblp computer science bibliography, https://dblp.org}
}

@inproceedings{VAE-ICLR-2014,
  author    = {Diederik P. Kingma and
               Max Welling},
  title     = {Auto-Encoding Variational Bayes},
  booktitle = {International Conference on Learning Representations, {ICLR}},
  year      = {2014},
  url       = {http://arxiv.org/abs/1312.6114},
  timestamp = {Thu, 04 Apr 2019 13:20:07 +0200},
  biburl    = {https://dblp.org/rec/journals/corr/KingmaW13.bib},
  bibsource = {dblp computer science bibliography, https://dblp.org}
}

@article{AE-Science-2006,
  title={Reducing the dimensionality of data with neural networks},
  author={Hinton, Geoffrey E and Salakhutdinov, Ruslan R},
  journal={Science},
  volume={313},
  number={5786},
  pages={504--507},
  year={2006},
}

@article{Morgan-NatureMethods-2013,
  title={Why not connectomics?},
  author={Morgan, Joshua L and Lichtman, Jeff W},
  journal={Nature methods},
  volume={10},
  number={6},
  pages={494--500},
  year={2013},
  publisher={Nature Publishing Group}
}

@article{Yin-NatureComm-2020,
  title={A petascale automated imaging pipeline for mapping neuronal circuits with high-throughput transmission electron microscopy},
  author={Yin, Wenjing and Brittain, Derrick and Borseth, Jay and Scott, Marie E and Williams, Derric and Perkins, Jedediah and Own, Christopher S and Murfitt, Matthew and Torres, Russel M and Kapner, Daniel and others},
  journal={Nature communications},
  volume={11},
  number={1},
  pages={1--12},
  year={2020},
  publisher={Nature Publishing Group}
}

@inproceedings{sato2000teasar,
  title={TEASAR: tree-structure extraction algorithm for accurate and robust skeletons},
  author={Sato, Mie and Bitter, Ingmar and Bender, Michael A and Kaufman, Arie E and Nakajima, Masayuki},
  booktitle={Proceedings the Eighth Pacific Conference on Computer Graphics and Applications},
  pages={281--449},
  year={2000},
  organization={IEEE}
}

@article{saalfeld2009catmaid,
  title={CATMAID: collaborative annotation toolkit for massive amounts of image data},
  author={Saalfeld, Stephan and Cardona, Albert and Hartenstein, Volker and Toman{\v{c}}{\'a}k, Pavel},
  journal={Bioinformatics},
  volume={25},
  number={15},
  pages={1984--1986},
  year={2009},
  publisher={Oxford University Press}
}

@article{funke2018large,
  title={Large scale image segmentation with structured loss based deep learning for connectome reconstruction},
  author={Funke, Jan and Tschopp, Fabian and Grisaitis, William and Sheridan, Arlo and Singh, Chandan and Saalfeld, Stephan and Turaga, Srinivas C},
  journal={IEEE transactions on pattern analysis and machine intelligence},
  volume={41},
  number={7},
  pages={1669--1680},
  year={2018},
  publisher={IEEE}
}

@inproceedings{wolf2018mutex,
  title={The mutex watershed: efficient, parameter-free image partitioning},
  author={Wolf, Steffen and Pape, Constantin and Bailoni, Alberto and Rahaman, Nasim and Kreshuk, Anna and Kothe, Ullrich and Hamprecht, FredA},
  booktitle={Proceedings of the European Conference on Computer Vision (ECCV)},
  pages={546--562},
  year={2018}
}

@InProceedings{de2017semantic,
author = {Brabandere, Bert De and Neven, Davy and Van Gool, Luc},
title = {Semantic Instance Segmentation for Autonomous Driving},
booktitle = {Proceedings of the IEEE Conference on Computer Vision and Pattern Recognition (CVPR) Workshops},
month = {July},
year = {2017}
}

@article{haehn2014design,
  title={Design and evaluation of interactive proofreading tools for connectomics},
  author={Haehn, Daniel and Knowles-Barley, Seymour and Roberts, Mike and Beyer, Johanna and Kasthuri, Narayanan and Lichtman, Jeff W and Pfister, Hanspeter},
  journal={IEEE transactions on visualization and computer graphics},
  volume={20},
  number={12},
  pages={2466--2475},
  year={2014},
  publisher={IEEE}
}

@inproceedings{matejek2019biologically,
  title={Biologically-constrained graphs for global connectomics reconstruction},
  author={Matejek, Brian and Haehn, Daniel and Zhu, Haidong and Wei, Donglai and Parag, Toufiq and Pfister, Hanspeter},
  booktitle={Proceedings of the IEEE/CVF Conference on Computer Vision and Pattern Recognition (CVPR)},
  pages={2089--2098},
  year={2019}
}

@article{zung2017error,
  title={An error detection and correction framework for connectomics},
  author={Zung, Jonathan and Tartavull, Ignacio and Lee, Kisuk and Seung, H Sebastian},
  journal={Advances in neural information processing systems},
  volume={30},
  year={2017}
}

@inproceedings{VJain-MICCAI-2020,
  title={Neuronal subcompartment classification and merge error correction},
  author={Li, Hanyu and Januszewski, Micha{\l} and Jain, Viren and Li, Peter H},
  booktitle={Medical Image Computing and Computer-Assisted Intervention},
  pages={88--98},
  year={2020},
}

@inproceedings{swinUnetr,
  title={Swin unetr: Swin transformers for semantic segmentation of brain tumors in mri images},
  author={Hatamizadeh, Ali and Nath, Vishwesh and Tang, Yucheng and Yang, Dong and Roth, Holger R and Xu, Daguang},
  booktitle={International MICCAI Brainlesion Workshop},
  pages={272--284},
  year={2022},
  organization={Springer}
}

@inproceedings{liu2021Swin,
  title={Swin Transformer: Hierarchical Vision Transformer using Shifted Windows},
  author={Liu, Ze and Lin, Yutong and Cao, Yue and Hu, Han and Wei, Yixuan and Zhang, Zheng and Lin, Stephen and Guo, Baining},
  booktitle={Proceedings of the IEEE/CVF International Conference on Computer Vision (ICCV)},
  year={2021}
}

@article{dosovitskiy2020vit,
  title={An Image is Worth 16x16 Words: Transformers for Image Recognition at Scale},
  author={Dosovitskiy, Alexey and Beyer, Lucas and Kolesnikov, Alexander and Weissenborn, Dirk and Zhai, Xiaohua and Unterthiner, Thomas and  Dehghani, Mostafa and Minderer, Matthias and Heigold, Georg and Gelly, Sylvain and Uszkoreit, Jakob and Houlsby, Neil},
  journal={ICLR},
  year={2021}
}

@article{hulse2021connectome,
  title={A connectome of the Drosophila central complex reveals network motifs suitable for flexible navigation and context-dependent action selection},
  author={Hulse, Brad K and Haberkern, Hannah and Franconville, Romain and Turner-Evans, Daniel B and Takemura, Shinya and Wolff, Tanya and Noorman, Marcella and Dreher, Marisa and Dan, Chuntao and Parekh, Ruchi and others},
  journal={Biorxiv},
  pages={2020--12},
  year={2021},
  publisher={Cold Spring Harbor Laboratory}
}

@inproceedings{zhou2022rethinking,
  title={Rethinking semantic segmentation: A prototype view},
  author={Zhou, Tianfei and Wang, Wenguan and Konukoglu, Ender and Van Gool, Luc},
  booktitle={Proceedings of the IEEE/CVF Conference on Computer Vision and Pattern Recognition (CVPR)},
  pages={2582--2593},
  year={2022}
}

@inproceedings{hu2018squeeze,
  title={Squeeze-and-excitation networks},
  author={Hu, Jie and Shen, Li and Sun, Gang},
  booktitle={Proceedings of the IEEE/CVF Conference on Computer Vision and Pattern Recognition (CVPR)},
  pages={7132--7141},
  year={2018}
}

@article{lin2021pytorch,
  title={PyTorch Connectomics: A Scalable and Flexible Segmentation Framework for EM Connectomics},
  author={Lin, Zudi and Wei, Donglai and Lichtman, Jeff and Pfister, Hanspeter},
  journal={arXiv preprint arXiv:2112.05754},
  year={2021}
}

@article{bates2020complete,
  title={Complete connectomic reconstruction of olfactory projection neurons in the fly brain},
  author={Bates, Alexander S and Schlegel, Philipp and Roberts, Ruairi J V and Drummond, Nikolas and Tamimi, Imaan F M and Turnbull, Robert and Zhao, Xincheng and Marin, Elizabeth C and Popovici, Patricia D and Dhawan, Serene and others},
  journal={Current Biology},
  volume={30},
  number={16},
  pages={3183--3199},
  year={2020},
  publisher={Elsevier}
}

@article{dorkenwald2022flywire,
  title={FlyWire: online community for whole-brain connectomics},
  author={Dorkenwald, Sven and McKellar, Claire E and Macrina, Thomas and Kemnitz, Nico and Lee, Kisuk and Lu, Ran and Wu, Jingpeng and Popovych, Sergiy and Mitchell, Eric and Nehoran, Barak and others},
  journal={Nature Methods},
  volume={19},
  number={1},
  pages={119--128},
  year={2022},
  publisher={Nature Publishing Group}
}

@article{zhao2018neutu,
  title={NeuTu: software for collaborative, Large-Scale, Segmentation-Based connectome reconstruction},
  author={Zhao, Ting and Olbris, Donald J and Yu, Yang and Plaza, Stephen M},
  journal={Frontiers in Neural Circuits},
  volume={12},
  pages={101},
  year={2018},
  publisher={Frontiers Media SA}
}

@article{sheridan2022local,
  title={Local shape descriptors for neuron segmentation},
  author={Sheridan, Arlo and Nguyen, Tri M and Deb, Diptodip and Lee, Wei-Chung Allen and Saalfeld, Stephan and Turaga, Srinivas C and Manor, Uri and Funke, Jan},
  journal={Nature Methods},
  pages={1--9},
  year={2022},
  publisher={Nature Publishing Group US New York}
}

@article{beier2017multicut,
  title={Multicut brings automated neurite segmentation closer to human performance},
  author={Beier, Thorsten and Pape, Constantin and Rahaman, Nasim and Prange, Timo and Berg, Stuart and Bock, Davi D and Cardona, Albert and Knott, Graham W and Plaza, Stephen M and Scheffer, Louis K and others},
  journal={Nature methods},
  volume={14},
  number={2},
  pages={101--102},
  year={2017},
  publisher={Nature Publishing Group}
}

@article{PointNet++-NIPS-2017,
  title={Point{N}et++: Deep hierarchical feature learning on point sets in a metric space},
  author={Qi, Charles Ruizhongtai and Yi, Li and Su, Hao and Guibas, Leonidas J},
  journal={Neural Information Processing Systems},
  volume={30},
  year={2017}
}

@article{mouse2020,
title = {The Mind of a Mouse},
journal = {Cell},
volume = {182},
number = {6},
pages = {1372-1376},
year = {2020},
issn = {0092-8674},
doi = {https://doi.org/10.1016/j.cell.2020.08.010},
url = {https://www.sciencedirect.com/science/article/pii/S0092867420310011},
author = {Larry F. Abbott and Davi D. Bock and Edward M. Callaway and Winfried Denk and Catherine Dulac and Adrienne L. Fairhall and Ila Fiete and Kristen M. Harris and Moritz Helmstaedter and Viren Jain and Narayanan Kasthuri and Yann LeCun and Jeff W. Lichtman and Peter B. Littlewood and Liqun Luo and John H.R. Maunsell and R. Clay Reid and Bruce R. Rosen and Gerald M. Rubin and Terrence J. Sejnowski and H. Sebastian Seung and Karel Svoboda and David W. Tank and Doris Tsao and David C. {Van Essen}},
abstract = {Large scientific projects in genomics and astronomy are influential not because they answer any single question but because they enable investigation of continuously arising new questions from the same data-rich sources. Advances in automated mapping of the brain’s synaptic connections (connectomics) suggest that the complicated circuits underlying brain function are ripe for analysis. We discuss benefits of mapping a mouse brain at the level of synapses.}
}

@article{VJain2020,
  title={A connectome and analysis of the adult {D}rosophila central brain},
  author={Scheffer, Louis K and Xu, C Shan and Januszewski, Michal and Lu, Zhiyuan and Takemura, Shin-ya and Hayworth, Kenneth J and Huang, Gary B and Shinomiya, Kazunori and Maitlin-Shepard, Jeremy and Berg, Stuart and others},
  journal={Elife},
  volume={9},
  pages={e57443},
  year={2020},
  publisher={eLife Sciences Publications Limited}
}

@article{lee2017superhuman,
  author    = {Kisuk Lee and
               Jonathan Zung and
               Peter Li and
               Viren Jain and
               H. Sebastian Seung},
  title     = {Superhuman Accuracy on the {SNEMI3D} Connectomics Challenge},
  journal   = {arXiv preprint arXiv:1706.00120},
  year      = {2017},
}

@inproceedings{heinrich2018synaptic,
  title={Synaptic cleft segmentation in non-isotropic volume electron microscopy of the complete drosophila brain},
  author={Heinrich, Larissa and Funke, Jan and Pape, Constantin and Nunez-Iglesias, Juan and Saalfeld, Stephan},
  booktitle={International Conference on Medical Image Computing and Computer-Assisted Intervention},
  pages={317--325},
  year={2018},
  organization={Springer}
}

@article{lin2021pytorch,
  title={PyTorch connectomics: a scalable and flexible segmentation framework for EM connectomics},
  author={Lin, Zudi and Wei, Donglai and Lichtman, Jeff and Pfister, Hanspeter},
  journal={arXiv preprint arXiv:2112.05754},
  year={2021}
}

@article{buhmann2021automatic,
  title={Automatic detection of synaptic partners in a whole-brain Drosophila electron microscopy data set},
  author={Buhmann, Julia and Sheridan, Arlo and Malin-Mayor, Caroline and Schlegel, Philipp and Gerhard, Stephan and Kazimiers, Tom and Krause, Renate and Nguyen, Tri M and Heinrich, Larissa and Lee, Wei-Chung Allen and others},
  journal={Nature Methods},
  volume={18},
  number={7},
  pages={771--774},
  year={2021},
  publisher={Nature Publishing Group}
}

@inproceedings{turner2020synaptic,
  title={Synaptic partner assignment using attentional voxel association networks},
  author={Turner, Nicholas L and Lee, Kisuk and Lu, Ran and Wu, Jingpeng and Ih, Dodam and Seung, H Sebastian},
  booktitle={International Symposium on Biomedical Imaging (ISBI)},
  pages={1--5},
  year={2020},
  organization={IEEE}
}

@article{raghu2021vision,
  title={Do vision {T}ransformers see like convolutional neural networks?},
  author={Raghu, Maithra and Unterthiner, Thomas and Kornblith, Simon and Zhang, Chiyuan and Dosovitskiy, Alexey},
  journal={Advances in Neural Information Processing Systems},
  volume={34},
  pages={12116--12128},
  year={2021}
}

@inproceedings{caron2021emerging,
  title={Emerging properties in self-supervised vision {T}ransformers},
  author={Caron, Mathilde and Touvron, Hugo and Misra, Ishan and J{\'e}gou, Herv{\'e} and Mairal, Julien and Bojanowski, Piotr and Joulin, Armand},
  booktitle={Proceedings of the IEEE/CVF International Conference on Computer Vision (ICCV)},
  pages={9650--9660},
  year={2021}
}

@article{khosla2020supervised,
  title={Supervised contrastive learning},
  author={Khosla, Prannay and Teterwak, Piotr and Wang, Chen and Sarna, Aaron and Tian, Yonglong and Isola, Phillip and Maschinot, Aaron and Liu, Ce and Krishnan, Dilip},
  journal={Advances in Neural Information Processing Systems},
  volume={33},
  pages={18661--18673},
  year={2020}
}

@inproceedings{he2022masked,
  title={Masked autoencoders are scalable vision learners},
  author={He, Kaiming and Chen, Xinlei and Xie, Saining and Li, Yanghao and Doll{\'a}r, Piotr and Girshick, Ross},
  booktitle={Proceedings of the IEEE/CVF Conference on Computer Vision and Pattern Recognition (CVPR)},
  pages={16000--16009},
  year={2022}
}

@inproceedings{tang2022self,
  title={Self-supervised pre-training of swin {T}ransformers for 3d medical image analysis},
  author={Tang, Yucheng and Yang, Dong and Li, Wenqi and Roth, Holger R and Landman, Bennett and Xu, Daguang and Nath, Vishwesh and Hatamizadeh, Ali},
  booktitle={Proceedings of the IEEE/CVF Conference on Computer Vision and Pattern Recognition (CVPR)},
  pages={20730--20740},
  year={2022}
}

@inproceedings{talwar2020topological,
  title={A topological nomenclature for 3d shape analysis in connectomics},
  author={Talwar, Abhimanyu and Lin, Zudi and Wei, Donglai and Wu, Yuesong and Zheng, Bowen and Zhao, Jinglin and Jang, Won-Dong and Wang, Xueying and Lichtman, Jeff and Pfister, Hanspeter},
  booktitle={Proceedings of the IEEE/CVF Conference on Computer Vision and Pattern Recognition Workshops},
  pages={986--987},
  year={2020}
}

@article{dosovitskiy2020image,
  title={An image is worth 16x16 words: Transformers for image recognition at scale},
  author={Dosovitskiy, Alexey and Beyer, Lucas and Kolesnikov, Alexander and Weissenborn, Dirk and Zhai, Xiaohua and Unterthiner, Thomas and Dehghani, Mostafa and Minderer, Matthias and Heigold, Georg and Gelly, Sylvain and others},
  journal={arXiv preprint arXiv:2010.11929},
  year={2020}
}

@article{oord2018representation,
  title={Representation learning with contrastive predictive coding},
  author={Oord, Aaron van den and Li, Yazhe and Vinyals, Oriol},
  journal={arXiv preprint arXiv:1807.03748},
  year={2018}
}

@article{conrad2021cem500k,
  title={CEM500K, a large-scale heterogeneous unlabeled cellular electron microscopy image dataset for deep learning},
  author={Conrad, Ryan and Narayan, Kedar},
  journal={Elife},
  volume={10},
  pages={e65894},
  year={2021},
  publisher={eLife Sciences Publications Limited}
}

@article{chen2020improved,
  title={Improved baselines with momentum contrastive learning},
  author={Chen, Xinlei and Fan, Haoqi and Girshick, Ross and He, Kaiming},
  journal={arXiv preprint arXiv:2003.04297},
  year={2020}
}

@article{xiao2018automatic,
  title={Automatic mitochondria segmentation for EM data using a 3D supervised convolutional network},
  author={Xiao, Chi and Chen, Xi and Li, Weifu and Li, Linlin and Wang, Lu and Xie, Qiwei and Han, Hua},
  journal={Frontiers in neuroanatomy},
  volume={12},
  pages={92},
  year={2018},
  publisher={Frontiers Media SA}
}

@article{isensee2021nnu,
  title={nnU-Net: a self-configuring method for deep learning-based biomedical image segmentation},
  author={Isensee, Fabian and Jaeger, Paul F and Kohl, Simon AA and Petersen, Jens and Maier-Hein, Klaus H},
  journal={Nature methods},
  volume={18},
  number={2},
  pages={203--211},
  year={2021},
  publisher={Nature Publishing Group}
}

@inproceedings{keuper2015efficient,
  title={Efficient decomposition of image and mesh graphs by lifted multicuts},
  author={Keuper, Margret and Levinkov, Evgeny and Bonneel, Nicolas and Lavou{\'e}, Guillaume and Brox, Thomas and Andres, Bjorn},
  booktitle={Proceedings of the IEEE international conference on computer vision (ICCV)},
  pages={1751--1759},
  year={2015}
}

@inproceedings{cciccek20163d,
  title={3D U-Net: learning dense volumetric segmentation from sparse annotation},
  author={{\c{C}}i{\c{c}}ek, {\"O}zg{\"u}n and Abdulkadir, Ahmed and Lienkamp, Soeren S and Brox, Thomas and Ronneberger, Olaf},
  booktitle={International conference on medical image computing and computer-assisted intervention},
  pages={424--432},
  year={2016},
  organization={Springer}
}

@article{lee2021learning,
  title={Learning and segmenting dense voxel embeddings for 3D neuron reconstruction},
  author={Lee, Kisuk and Lu, Ran and Luther, Kyle and Seung, H Sebastian},
  journal={IEEE Transactions on Medical Imaging},
  volume={40},
  number={12},
  pages={3801--3811},
  year={2021},
  publisher={IEEE}
}

@article{FFN,
  title={High-precision automated reconstruction of neurons with flood-filling networks},
  author={Januszewski, Micha{\l} and Kornfeld, J{\"o}rgen and Li, Peter H and Pope, Art and Blakely, Tim and Lindsey, Larry and Maitin-Shepard, Jeremy and Tyka, Mike and Denk, Winfried and Jain, Viren},
  journal={Nature methods},
  volume={15},
  number={8},
  pages={605--610},
  year={2018},
  publisher={Nature Publishing Group}
}

@article{FAFB,
  title={A complete electron microscopy volume of the brain of adult {D}rosophila melanogaster},
  author={Zheng, Zhihao and Lauritzen, J Scott and Perlman, Eric and Robinson, Camenzind G and Nichols, Matthew and Milkie, Daniel and Torrens, Omar and Price, John and Fisher, Corey B and Sharifi, Nadiya and others},
  journal={Cell},
  volume={174},
  number={3},
  pages={730--743},
  year={2018},
  publisher={Elsevier}
}

@article{fafb-ffn,
  title={Automated reconstruction of a serial-section {EM} {D}rosophila brain with flood-filling networks and local realignment},
  author={Li, Peter H and Lindsey, Larry F and Januszewski, Micha{\l} and Tyka, Mike and Maitin-Shepard, Jeremy and Blakely, Tim and Jain, Viren},
  journal={Microscopy and Microanalysis},
  volume={25},
  number={S2},
  pages={1364--1365},
  year={2019},
  publisher={Cambridge University Press}
}

@article {h01,
	author = {Shapson-Coe, Alexander and Januszewski, Micha{\l} and Berger, Daniel R. and Pope, Art and Wu, Yuelong and Blakely, Tim and Schalek, Richard L. and Li, Peter H. and Wang, Shuohong and Maitin-Shepard, Jeremy and Karlupia, Neha and Dorkenwald, Sven and Sjostedt, Evelina and Leavitt, Laramie and Lee, Dongil and Bailey, Luke and Fitzmaurice, Angerica and Kar, Rohin and Field, Benjamin and Wu, Hank and Wagner-Carena, Julian and Aley, David and Lau, Joanna and Lin, Zudi and Wei, Donglai and Pfister, Hanspeter and Peleg, Adi and Jain, Viren and Lichtman, Jeff W.},
	title = {A connectomic study of a petascale fragment of human cerebral cortex},
	year = {2021},
	publisher = {Cold Spring Harbor Laboratory},
	journal = {bioRxiv}
}

@INPROCEEDINGS{basu2011path2path,
  author={Basu, Saurav and Condron, Barry and Acton, Scott T.},
  booktitle={International Symposium on Biomedical Imaging}, 
  title={Path2Path: Hierarchical path-based analysis for neuron matching}, 
  year={2011},
  volume={},
  number={},
  pages={996-999},
}

@article{cardona2010identifying,
  title={Identifying neuronal lineages of {D}rosophila by sequence analysis of axon tracts},
  author={Cardona, Albert and Saalfeld, Stephan and Arganda, Ignacio and Pereanu, Wayne and Schindelin, Johannes and Hartenstein, Volker},
  journal={Journal of Neuroscience},
  volume={30},
  number={22},
  pages={7538--7553},
  year={2010},
  publisher={Soc Neuroscience}
}

@article{ganglberger2014structure,
  title={Structure-based neuron retrieval across {D}rosophila brains},
  author={Ganglberger, Florian and Schulze, Florian and Tirian, Laszlo and Novikov, Alexey and Dickson, Barry and B{\"u}hler, Katja and Langs, Georg},
  journal={Neuroinformatics},
  volume={12},
  number={3},
  pages={423--434},
  year={2014},
  publisher={Springer}
}

@article{costa2016nblast,
  title={{NBLAST}: rapid, sensitive comparison of neuronal structure and construction of neuron family databases},
  author={Costa, Marta and Manton, James D and Ostrovsky, Aaron D and Prohaska, Steffen and Jefferis, Gregory SXE},
  journal={Neuron},
  volume={91},
  number={2},
  pages={293--311},
  year={2016},
  publisher={Elsevier}
}

@article{Blast,
author = {Wan, Yinan and Long, Fuhui and Qu, Lei and Xiao, Hang and Hawrylycz, Michael and Myers, Eugene and Peng, Hanchuan},
year = {2015},
month = {06},
pages = {},
title = {BlastNeuron for Automated Comparison, Retrieval and Clustering of 3D Neuron Morphologies},
volume = {13},
journal = {Neuroinformatics},
}

@article{Tong2021ANMAF,
  author={Ling Tong and Rachel Langton and Joseph Glykys and Stephen Baek},
  title={{ANMAF}: an automated neuronal morphology analysis framework using convolutional neural networks},
  journal={Scientific Reports},
  volume={11},
  pages={Article No. 8179},
  month = {4},
  year = {2021},
}


@article{meirovitch2016multi,
  title={A multi-pass approach to large-scale connectomics},
  author={Meirovitch, Yaron and Matveev, Alexander and Saribekyan, Hayk and Budden, David and Rolnick, David and Odor, Gergely and Knowles-Barley, Seymour and Jones, Thouis Raymond and Pfister, Hanspeter and Lichtman, Jeff William and others},
  journal={arXiv preprint arXiv:1612.02120},
  year={2016}
}

@article{TSNE,
  title={Visualizing data using t-SNE.},
  author={Van der Maaten, Laurens and Hinton, Geoffrey},
  journal={Journal of Machine Learning Research},
  volume={9},
  number={11},
  year={2008}
}

@inproceedings{wu2019pointconv,
  title={Pointconv: Deep convolutional networks on 3d point clouds},
  author={Wu, Wenxuan and Qi, Zhongang and Fuxin, Li},
  booktitle={Proceedings of the IEEE/CVF Conference on Computer Vision and Pattern Recognition (CVPR)},
  pages={9621--9630},
  year={2019}
}

@article{li2018pointcnn,
  title={Point{CNN}: Convolution on {x}-{T}ransformed points},
  author={Li, Yangyan and Bu, Rui and Sun, Mingchao and Wu, Wei and Di, Xinhan and Chen, Baoquan},
  journal={Neural Information Processing Systems},
  volume={31},
  year={2018}
}

@inproceedings{DBSCAN,
  title={A density-based algorithm for discovering clusters in large spatial databases with noise},
  author={Ester, Martin and Kriegel, Hans-Peter and Sander, J{\"o}rg and Xu, Xiaowei and others},
  booktitle={Conference on Knowledge Discovery and Data Mining},
  volume={96},
  number={34},
  pages={226--231},
  year={1996}
}

@article{schubert2019learning,
  title={Learning cellular morphology with neural networks},
  author={Schubert, Philipp J and Dorkenwald, Sven and Januszewski, Micha{\l} and Jain, Viren and Kornfeld, Joergen},
  journal={Nature communications},
  volume={10},
  number={1},
  pages={1--12},
  year={2019},
  publisher={Nature Publishing Group}
}

@article{Princeton_cell,
  title={Reconstruction of neocortex: Organelles, compartments, cells, circuits, and activity},
  author={Turner, Nicholas L and Macrina, Thomas and Bae, J Alexander and Yang, Runzhe and Wilson, Alyssa M and Schneider-Mizell, Casey and Lee, Kisuk and Lu, Ran and Wu, Jingpeng and Bodor, Agnes L and others},
  journal={Cell},
  year={2022},
  publisher={Elsevier}
}

@article{buhmann2021automatic,
  title={Automatic detection of synaptic partners in a whole-brain {D}rosophila electron microscopy data set},
  author={Buhmann, Julia and Sheridan, Arlo and Malin-Mayor, Caroline and Schlegel, Philipp and Gerhard, Stephan and Kazimiers, Tom and Krause, Renate and Nguyen, Tri M and Heinrich, Larissa and Lee, Wei-Chung Allen and others},
  journal={Nature Methods},
  volume={18},
  number={7},
  pages={771--774},
  year={2021},
  publisher={Nature Publishing Group}
}
@article{eckstein2020neurotransmitter,
  title={Neurotransmitter classification from electron microscopy images at synaptic sites in {D}rosophila},
  author={Eckstein, Nils and Bates, Alexander S and Du, Michelle and Hartenstein, Volker and Jefferis, Gregory SXE and Funke, Jan},
  journal={BioRxiv},
  year={2020},
  publisher={Cold Spring Harbor Laboratory}
}

@article{microns2021functional,
  title={Functional connectomics spanning multiple areas of mouse visual cortex},
  author={MICrONS Consortium and Bae, J Alexander and Baptiste, Mahaly and Bishop, Caitlyn A and Bodor, Agnes L and Brittain, Derrick and Buchanan, JoAnn and Bumbarger, Daniel J and Castro, Manuel A and Celii, Brendan and others},
  journal={BioRxiv},
  pages={2021--07},
  year={2021},
  publisher={Cold Spring Harbor Laboratory}
}

@article{celii2023neurd,
  title={NEURD: automated proofreading and feature extraction for connectomics},
  author={Celii, Brendan and Papadopoulos, Stelios and Ding, Zhuokun and Fahey, Paul G and Wang, Eric and Papadopoulos, Christos and Kunin, Alexander B and Patel, Saumil and Bae, J Alexander and Bodor, Agnes L and others},
  journal={BioRxiv},
  year={2023}
}

@inproceedings{kong2018recurrent,
  title={Recurrent pixel embedding for instance grouping},
  author={Kong, Shu and Fowlkes, Charless C},
  booktitle={Proceedings of the IEEE/CVF Conference on Computer Vision and Pattern Recognition (CVPR)},
  pages={9018--9028},
  year={2018}
}

@inproceedings{hadsell2006dimensionality,
  title={Dimensionality reduction by learning an invariant mapping},
  author={Hadsell, Raia and Chopra, Sumit and LeCun, Yann},
  booktitle={Proceedings of the IEEE/CVF Conference on Computer Vision and Pattern Recognition (CVPR)},
  volume={2},
  pages={1735--1742},
  year={2006},
  organization={IEEE}
}

@inproceedings{schroff2015facenet,
  title={Facenet: A unified embedding for face recognition and clustering},
  author={Schroff, Florian and Kalenichenko, Dmitry and Philbin, James},
  booktitle={Proceedings of the IEEE/CVF Conference on Computer Vision and Pattern Recognition (CVPR)},
  pages={815--823},
  year={2015}
}

@article{sohn2016improved,
  title={Improved deep metric learning with multi-class n-pair loss objective},
  author={Sohn, Kihyuk},
  journal={Advances in neural information processing systems},
  volume={29},
  year={2016}
}

@InProceedings{Zhou_2022_CVPR,
    author    = {Zhou, Tianfei and Wang, Wenguan and Konukoglu, Ender and Van Gool, Luc},
    title     = {Rethinking Semantic Segmentation: A Prototype View},
    booktitle = {Proceedings of the IEEE/CVF Conference on Computer Vision and Pattern Recognition (CVPR)},
    month     = {June},
    year      = {2022},
    pages     = {2582-2593}
}

@InProceedings{Wang_2021_ICCV,
    author    = {Wang, Wenguan and Zhou, Tianfei and Yu, Fisher and Dai, Jifeng and Konukoglu, Ender and Van Gool, Luc},
    title     = {Exploring Cross-Image Pixel Contrast for Semantic Segmentation},
    booktitle = {Proceedings of the IEEE/CVF International Conference on Computer Vision (ICCV)},
    month     = {October},
    year      = {2021},
    pages     = {7303-7313}
}

@inproceedings{qi2017pointnet,
  title={Pointnet: Deep learning on point sets for 3d classification and segmentation},
  author={Qi, Charles R and Su, Hao and Mo, Kaichun and Guibas, Leonidas J},
  booktitle={Proceedings of the IEEE/CVF Conference on Computer Vision and Pattern Recognition (CVPR)},
  pages={652--660},
  year={2017}
}

@article{qi2017pointnet++,
  title={Pointnet++: Deep hierarchical feature learning on point sets in a metric space},
  author={Qi, Charles Ruizhongtai and Yi, Li and Su, Hao and Guibas, Leonidas J},
  journal={Advances in neural information processing systems},
  volume={30},
  year={2017}
}

@inproceedings{wei2021axonem,
  title={AxonEM dataset: 3d axon instance segmentation of brain cortical regions},
  author={Wei, Donglai and Lee, Kisuk and Li, Hanyu and Lu, Ran and Bae, J Alexander and Liu, Zequan and Zhang, Lifu and dos Santos, M{\'a}rcia and Lin, Zudi and Uram, Thomas and others},
  booktitle={Medical Image Computing and Computer-Assisted Intervention},
  pages={175--185},
  year={2021},
  organization={Springer}
}

@inproceedings{yang2018retrieving,
  title={Retrieving and classifying affective images via deep metric learning},
  author={Yang, Jufeng and She, Dongyu and Lai, Yu-Kun and Yang, Ming-Hsuan},
  booktitle={Proceedings of the AAAI Conference on Artificial Intelligence},
  volume={32},
  year={2018}
}

@inproceedings{shi2020optimal,
  title={Optimal feature transport for cross-view image geo-localization},
  author={Shi, Yujiao and Yu, Xin and Liu, Liu and Zhang, Tong and Li, Hongdong},
  booktitle={Proceedings of the AAAI Conference on Artificial Intelligence},
  volume={34},
  year={2020}
}

@inproceedings{palagyi2014sequential,
  title={A sequential 3D curve-thinning algorithm based on isthmuses},
  author={Pal{\'a}gyi, K{\'a}lm{\'a}n},
  booktitle={International Symposium on Visual Computing},
  pages={406--415},
  year={2014},
  organization={Springer}
}

@article{strahler1952hypsometric,
  title={Hypsometric (area-altitude) analysis of erosional topography},
  author={Strahler, Arthur N},
  journal={Geological society of America bulletin},
  volume={63},
  number={11},
  pages={1117--1142},
  year={1952},
  publisher={Geological Society of America}
}