
@article{leibig2017leveraging,
	title={Leveraging uncertainty information from deep neural networks for disease detection},
	author={Leibig, Christian and Allken, Vaneeda and Ayhan, Murat Se{\c{c}}kin and Berens, Philipp and Wahl, Siegfried},
	journal={Scientific reports},
	volume={7},
	number={1},
	pages={17816},
	year={2017},
	publisher={Nature Publishing Group}
}

@article{wang2016cost,
	title={Cost-effective active learning for deep image classification},
	author={Wang, Keze and Zhang, Dongyu and Li, Ya and Zhang, Ruimao and Lin, Liang},
	journal={IEEE Transactions on Circuits and Systems for Video Technology},
	volume={27},
	number={12},
	pages={2591--2600},
	year={2016},
	publisher={IEEE}
}

@article{wen2019bayesian,
	title={Bayesian Uncertainty Matching for Unsupervised Domain Adaptation},
	author={Wen, Jun and Zheng, Nenggan and Yuan, Junsong and Gong, Zhefeng and Chen, Changyou},
	journal={arXiv preprint arXiv:1906.09693},
	year={2019}
}

@article{healthuqleveraging,
  title={Leveraging uncertainty information from deep neural networks for disease detection},
  author={Leibig, Christian and Allken, Vaneeda and Ayhan, Murat Se{\c{c}}kin and Berens, Philipp and Wahl, Siegfried},
  journal={Scientific reports},
  volume={7},
  number={1},
  pages={17816},
  year={2017},
  publisher={Nature Publishing Group}
}

@phdthesis{gal2016uncertainty,
  title={Uncertainty in deep learning},
  author={Gal, Yarin},
  year={2016},
  school={PhD thesis, University of Cambridge}
}

@inproceedings{gal2016dropout,
  title={Dropout as a bayesian approximation: Representing model uncertainty in deep learning},
  author={Gal, Yarin and Ghahramani, Zoubin},
  booktitle={international conference on machine learning},
  pages={1050--1059},
  year={2016}
}

@inproceedings{cvuncertainties,
  title={What uncertainties do we need in bayesian deep learning for computer vision?},
  author={Kendall, Alex and Gal, Yarin},
  booktitle={Advances in neural information processing systems},
  pages={5574--5584},
  year={2017}
}

@article{uqbioopportunities,
  title={Opportunities and obstacles for deep learning in biology and medicine},
  author={Ching, Travers and Himmelstein, Daniel S and Beaulieu-Jones, Brett K and Kalinin, Alexandr A and Do, Brian T and Way, Gregory P and Ferrero, Enrico and Agapow, Paul-Michael and Zietz, Michael and Hoffman, Michael M and others},
  journal={Journal of The Royal Society Interface},
  volume={15},
  number={141},
  pages={20170387},
  year={2018},
  publisher={The Royal Society}
}

@inproceedings{lakshminarayanan2017ensemble,
  title={Simple and scalable predictive uncertainty estimation using deep ensembles},
  author={Lakshminarayanan, Balaji and Pritzel, Alexander and Blundell, Charles},
  booktitle={Advances in Neural Information Processing Systems},
  pages={6402--6413},
  year={2017}
}

@article{ghahramani2015probabilistic,
  title={Probabilistic machine learning and artificial intelligence},
  author={Ghahramani, Zoubin},
  journal={Nature},
  volume={521},
  number={7553},
  pages={452},
  year={2015},
  publisher={Nature Publishing Group}
}

@inproceedings{guo2017calibration,
  title={On calibration of modern neural networks},
  author={Guo, Chuan and Pleiss, Geoff and Sun, Yu and Weinberger, Kilian Q},
  booktitle={Proceedings of the 34th International Conference on Machine Learning-Volume 70},
  pages={1321--1330},
  year={2017},
  organization={JMLR. org}
}

@inproceedings{seo2019singleshot,
  title={Learning for Single-Shot Confidence Calibration in Deep Neural Networks through Stochastic Inferences},
  author={Seo, Seonguk and Seo, Paul Hongsuck and Han, Bohyung},
  booktitle={Proceedings of the IEEE Conference on Computer Vision and Pattern Recognition},
  pages={9030--9038},
  year={2019}
}

@article{nixon2019measuring,
  title={Measuring Calibration in Deep Learning},
  author={Nixon, Jeremy and Dusenberry, Mike and Zhang, Linchuan and Jerfel, Ghassen and Tran, Dustin},
  journal={arXiv preprint arXiv:1904.01685},
  year={2019}
}

@article{kuleshov2018accurate,
  title={Accurate uncertainties for deep learning using calibrated regression},
  author={Kuleshov, Volodymyr and Fenner, Nathan and Ermon, Stefano},
  journal={arXiv preprint arXiv:1807.00263},
  year={2018}
}

@article{levi2019evaluating,
  title={Evaluating and Calibrating Uncertainty Prediction in Regression Tasks},
  author={Levi, Dan and Gispan, Liran and Giladi, Niv and Fetaya, Ethan},
  journal={arXiv preprint arXiv:1905.11659},
  year={2019}
}

@inproceedings{gal2017concrete,
  title={Concrete dropout},
  author={Gal, Yarin and Hron, Jiri and Kendall, Alex},
  booktitle={Advances in Neural Information Processing Systems},
  pages={3581--3590},
  year={2017}
}

@article{tagasovska2018frequentist,
  title={Frequentist uncertainty estimates for deep learning},
  author={Tagasovska, Natasa and Lopez-Paz, David},
  journal={arXiv preprint arXiv:1811.00908},
  year={2018}
}

@article{blundell2015weight,
	title={Weight uncertainty in neural networks},
	author={Blundell, Charles and Cornebise, Julien and Kavukcuoglu, Koray and Wierstra, Daan},
	journal={arXiv preprint arXiv:1505.05424},
	year={2015}
}

@article{levasseur2017uncertaintiesphysics,
	title={Uncertainties in Parameters Estimated with Neural Networks: Application to Strong Gravitational Lensing},
	author={Levasseur, Laurence Perreault and Hezaveh, Yashar D and Wechsler, Risa H},
	journal={arXiv preprint arXiv:1708.08843},
	year={2017}
}


@inproceedings{heskes1997practical,
	title={Practical confidence and prediction intervals},
	author={Heskes, Tom},
	booktitle={Advances in neural information processing systems},
	pages={176--182},
	year={1997}
}


@article{gneiting2007strictly,
	title={Strictly proper scoring rules, prediction, and estimation},
	author={Gneiting, Tilmann and Raftery, Adrian E},
	journal={Journal of the American Statistical Association},
	volume={102},
	number={477},
	pages={359--378},
	year={2007},
	publisher={Taylor \& Francis}
}

@inproceedings{kuleshov2015calibrated,
	title={Calibrated structured prediction},
	author={Kuleshov, Volodymyr and Liang, Percy S},
	booktitle={Advances in Neural Information Processing Systems},
	pages={3474--3482},
	year={2015}
}

@misc{Dua:2019 ,
	author = "Dua, Dheeru and Graff, Casey",
	year = "2017",
	title = "{UCI} Machine Learning Repository",
	url = "http://archive.ics.uci.edu/ml",
	institution = "University of California, Irvine, School of Information and Computer Sciences" }

@techreport{WelinderEtal2010CUB,
	Author = {P. Welinder and S. Branson and T. Mita and C. Wah and F. Schroff and S. Belongie and P. Perona},
	Institution = {California Institute of Technology},
	Number = {CNS-TR-2010-001},
	Title = {{Caltech-UCSD Birds 200}},
	Year = {2010}
}

@article{platt1999probabilistic,
	title={Probabilistic outputs for support vector machines and comparisons to regularized likelihood methods},
	author={Platt, John and others},
	journal={Advances in large margin classifiers},
	volume={10},
	number={3},
	pages={61--74},
	year={1999},
	publisher={Cambridge, MA}
}

@article{cortes2018deep,
	title={Deep confidence: a computationally efficient framework for calculating reliable prediction errors for deep neural networks},
	author={Cort{\'e}s-Ciriano, Isidro and Bender, Andreas},
	journal={Journal of chemical information and modeling},
	volume={59},
	number={3},
	pages={1269--1281},
	year={2018},
	publisher={ACS Publications}
}

@article{koenker2001quantile,
	title={Quantile regression},
	author={Koenker, Roger and Hallock, Kevin F},
	journal={Journal of economic perspectives},
	volume={15},
	number={4},
	pages={143--156},
	year={2001}
}