@book{sutton1998reinforcement,
  title={Reinforcement learning: An introduction},
  author={Sutton, Richard S and Barto, Andrew G},
  volume={1},
  number={1},
  year={1998},
  publisher={MIT press Cambridge}
}

@inproceedings{balke1994counterfactual,
  title={Counterfactual probabilities: Computational methods, bounds and applications},
  author={Balke, Alexander and Pearl, Judea},
  booktitle={Proceedings of the Tenth international conference on Uncertainty in artificial intelligence},
  pages={46--54},
  year={1994},
  organization={Morgan Kaufmann Publishers Inc.}
}


@inproceedings{zhang2017transfer,
  title={Transfer learning in multi-armed bandit: a causal approach},
  author={Zhang, Junzhe and Bareinboim, Elias},
  booktitle={Proceedings of the 16th Conference on Autonomous Agents and MultiAgent Systems},
  pages={1778--1780},
  year={2017},
  organization={International Foundation for Autonomous Agents and Multiagent Systems}
}


@inproceedings{ziebart2009planning,
  title={Planning-based prediction for pedestrians},
  author={Ziebart, Brian D and Ratliff, Nathan and Gallagher, Garratt and Mertz, Christoph and Peterson, Kevin and Bagnell, J Andrew and Hebert, Martial and Dey, Anind K and Srinivasa, Siddhartha},
  booktitle={Intelligent Robots and Systems, 2009. IROS 2009. IEEE/RSJ International Conference on},
  year={2009},
  organization={IEEE}
}

@article{littman2001value,
  title={Value-function reinforcement learning in Markov games},
  author={Littman, Michael L},
  journal={Cognitive Systems Research},
  volume={2},
  number={1},
  year={2001},
  publisher={Elsevier}
}

@article{foerster2017learning,
  title={Learning with Opponent-Learning Awareness},
  author={Foerster, Jakob N and Chen, Richard Y and Al-Shedivat, Maruan and Whiteson, Shimon and Abbeel, Pieter and Mordatch, Igor},
  journal={arXiv preprint arXiv:1709.04326},
  year={2017}
}

@inproceedings{bloem2014infinite,
  title={Infinite time horizon maximum causal entropy inverse reinforcement learning},
  author={Bloem, Michael and Bambos, Nicholas},
  booktitle={CDC},
  year={2014},
  organization={IEEE}
}


@inproceedings{ziebart2008maximum,
  title={Maximum Entropy Inverse Reinforcement Learning.},
  author={Ziebart, Brian D and Maas, Andrew L and Bagnell, J Andrew and Dey, Anind K},
  booktitle={AAAI},
  volume={8},
  year={2008},
  organization={Chicago, IL, USA}
}


@article{hu2003nash,
  title={Nash Q-learning for general-sum stochastic games},
  author={Hu, Junling and Wellman, Michael P},
  journal={JMLR},
  volume={4},
  number={Nov},
  year={2003}
}

@inproceedings{bowling2000convergence,
  title={Convergence problems of general-sum multiagent reinforcement learning},
  author={Bowling, Michael},
  booktitle={ICML},
  year={2000},
  organization={Citeseer}
}


@inproceedings{hu1998multiagent,
  title={Multiagent reinforcement learning: theoretical framework and an algorithm.},
  author={Hu, Junling and Wellman, Michael P and others},
  booktitle={ICML},
  volume={98},
  year={1998},
  organization={Citeseer}
}



@book{ziebart2010modeling,
  title={Modeling purposeful adaptive behavior with the principle of maximum causal entropy},
  author={Ziebart, Brian D},
  year={2010},
  publisher={Carnegie Mellon University}
}

@inproceedings{powers2005new,
  title={New criteria and a new algorithm for learning in multi-agent systems},
  author={Powers, Rob and Shoham, Yoav},
  booktitle={NIPS},
  year={2005}  
}


@article{kononen2004asymmetric,
  title={Asymmetric multiagent reinforcement learning},
  author={K{\"o}n{\"o}nen, Ville},
  journal={Web Intelligence and Agent Systems: An international journal},
  volume={2},
  number={2},
  year={2004},
  publisher={IOS Press}
}

@book{bertsekas1995dynamic,
  title={Dynamic programming and optimal control},
  author={Dimitri P Bertsekas},
  volume={1},
  number={2},
  year={1995},
  publisher={Athena scientific Belmont, MA}
}

@incollection{sutton1990integrated,
  title={Integrated architectures for learning, planning, and reacting based on approximating dynamic programming},
  author={Sutton, Richard S},
  booktitle={Machine Learning Proceedings 1990},
  year={1990},
  publisher={Elsevier}
}



@article{watkins1992q,
  title={Q-learning},
  author={Watkins, Christopher JCH and Dayan, Peter},
  journal={Machine learning},
  volume={8},
  number={3-4},
  year={1992},
  publisher={Springer}
}


@article{ma2016forecasting,
  title={Forecasting interactive dynamics of pedestrians with fictitious play},
  author={Ma, Wei-Chiu and Huang, De-An and Lee, Namhoon and Kitani, Kris M},
  journal={CVPR},
  year={2017}
}


@inproceedings{bowling2001rational,
  title={Rational and convergent learning in stochastic games},
  author={Bowling, Michael and Veloso, Manuela},
  booktitle={International joint conference on artificial intelligence},
  volume={17},
  number={1},
  year={2001},
  organization={Lawrence Erlbaum Associates Ltd}
}



@incollection{mataric1997reinforcement,
  title={Reinforcement learning in the multi-robot domain},
  author={Matari{\'c}, Maja J},
  booktitle={Robot colonies},
  year={1997},
  publisher={Springer}
}

@techreport{bowling2003multiagent,
  title={Multiagent learning in the presence of agents with limitations},
  author={Bowling, Michael},
  year={2003},
  institution={CMU, PA, School of Computer Science}
}

@article{thuijsman1992optimality,
  title={Optimality and equilibria in stochastic games},
  author={Thuijsman, Frank},
  journal={CWI Tracts},
  year={1992},
  publisher={CWI}
}


@inproceedings{greenwald2003correlated,
  title={Correlated Q-learning},
  author={Greenwald, Amy and Hall, Keith and Serrano, Roberto},
  booktitle={ICML},
  volume={3},
  year={2003}
}


@inproceedings{mataric1995learning,
  title={Learning in multi-robot systems},
  author={Matari{\'c}, Maja J},
  booktitle={International Joint Conference on Artificial Intelligence},
  year={1995},
  organization={Springer}
}


@incollection{mataric1994reward,
  title={Reward functions for accelerated learning},
  author={Mataric, Maja J},
  booktitle={Machine Learning Proceedings 1994},
  year={1994},
  publisher={Elsevier}
}

@article{claus1998dynamics,
  title={The dynamics of reinforcement learning in cooperative multiagent systems},
  author={Claus, Caroline and Boutilier, Craig},
  journal={AAAI/IAAI},
  volume={1998},
  year={1998}
}


@article{banerjee2007reaching,
  title={Reaching pareto-optimality in prisonerâ€™s dilemma using conditional joint action learning},
  author={Banerjee, Dipyaman and Sen, Sandip},
  journal={AAMAS},
  volume={15},
  number={1},
  year={2007},
  publisher={Springer}
}


@inproceedings{zinkevich2003online,
  title={Online convex programming and generalized infinitesimal gradient ascent},
  author={Zinkevich, Martin},
  booktitle={ICML},
  year={2003}
}

@article{bowling2002multiagent,
  title={Multiagent learning using a variable learning rate},
  author={Bowling, Michael and Veloso, Manuela},
  journal={Artificial Intelligence},
  volume={136},
  number={2},
  year={2002},
  publisher={Elsevier}
}



@inproceedings{banerjee2003adaptive,
  title={Adaptive policy gradient in multiagent learning},
  author={Banerjee, Bikramjit and Peng, Jing},
  booktitle={AAMAS},
  year={2003},
  organization={ACM}
}


@inproceedings{bowling2005convergence,
  title={Convergence and no-regret in multiagent learning},
  author={Bowling, Michael},
  booktitle={NIPS},
  year={2005}
}


@inproceedings{crites1996improving,
  title={Improving elevator performance using reinforcement learning},
  author={Crites, Robert H and Barto, Andrew G},
  booktitle={NIPS},
  year={1996}
}

@article{bowling2002multiagent,
  title={Multiagent learning using a variable learning rate},
  author={Bowling, Michael and Veloso, Manuela},
  journal={Artificial Intelligence},
  volume={136},
  number={2},
  year={2002},
  publisher={Elsevier}
}

@inproceedings{rhinehart2017first,
  title={First-person activity forecasting with online inverse reinforcement learning},
  author={Rhinehart, Nicholas and Kitani, Kris M},
  booktitle={ICCV},
  year={2017}
}



@inproceedings{singh2000nash,
  title={Nash convergence of gradient dynamics in general-sum games},
  author={Singh, Satinder and Kearns, Michael and Mansour, Yishay},
  booktitle={UAI},
  year={2000},
  organization={Morgan Kaufmann Publishers Inc.}
}



@inproceedings{tesauro2004extending,
  title={Extending Q-learning to general adaptive multi-agent systems},
  author={Tesauro, Gerald},
  booktitle={NIPS},
  year={2004}
}


@inproceedings{weinberg2004best,
  title={Best-response multiagent learning in non-stationary environments},
  author={Weinberg, Michael and Rosenschein, Jeffrey S},
  booktitle={Proceedings of the 3rd AAMAS},
  year={2004},
  organization={IEEE Computer Society}
}


@inproceedings{bowling2000convergence,
  title={Convergence problems of general-sum multiagent reinforcement learning},
  author={Bowling, Michael},
  booktitle={ICML},
  year={2000},
  organization={Citeseer}
}

@inproceedings{brafman2003efficient,
  title={Efficient learning equilibrium},
  author={Brafman, Ronen I and Tennenholtz, Moshe},
  booktitle={NIPS},
  year={2003}
}

@article{omidshafiei2017deep,
  title={Deep Decentralized Multi-task Multi-Agent RL under Partial Observability},
  author={Omidshafiei, Shayegan and Pazis, Jason and Amato, Christopher and How, Jonathan P and Vian, John},
  journal={arXiv preprint arXiv:1703.06182},
  year={2017}
}


@article{zawadzki2014empirically,
  title={Empirically evaluating multiagent learning algorithms},
  author={Zawadzki, Erik and Lipson, Asher and Leyton-Brown, Kevin},
  journal={arXiv preprint arXiv:1401.8074},
  year={2014}
}


@inproceedings{tuyls2003extended,
  title={Extended replicator dynamics as a key to reinforcement learning in multi-agent systems},
  author={Tuyls, Karl and Heytens, Dries and Nowe, Ann and Manderick, Bernard},
  booktitle={European Conference on Machine Learning},
  year={2003},
  organization={Springer}
}

@article{busoniu2008comprehensive,
  title={A comprehensive survey of multiagent reinforcement learning},
  author={Busoniu, Lucian and Babuska, Robert and De Schutter, Bart},
  journal={IEEE Trans. Systems, Man, and Cybernetics, Part C},
  volume={38},
  number={2},
  year={2008}
}


@article{conitzer2007awesome,
  title={AWESOME: A general multiagent learning algorithm that converges in self-play and learns a best response against stationary opponents},
  author={Conitzer, Vincent and Sandholm, Tuomas},
  journal={Machine Learning},
  volume={67},
  number={1-2},
  year={2007},
  publisher={Springer}
}

@article{sandholm1996multiagent,
  title={Multiagent reinforcement learning in the iterated prisoner's dilemma},
  author={Sandholm, Tuomas W and Crites, Robert H},
  journal={Biosystems},
  volume={37},
  number={1-2},
  year={1996},
  publisher={Elsevier}
}


@inproceedings{zinkevich2006cyclic,
  title={Cyclic equilibria in Markov games},
  author={Zinkevich, Martin and Greenwald, Amy and Littman, Michael L},
  booktitle={NIPS},
  year={2006}
}


@inproceedings{wunder2010classes,
  title={Classes of multiagent q-learning dynamics with epsilon-greedy exploration},
  author={Wunder, Michael and Littman, Michael L and Babes, Monica},
  booktitle={ICML},
  year={2010},
  organization={Citeseer}
}


@article{claus1998dynamics,
  title={The dynamics of reinforcement learning in cooperative multiagent systems},
  author={Claus, Caroline and Boutilier, Craig},
  journal={AAAI/IAAI},
  volume={1998},
  year={1998}
}


@inproceedings{littman2001friend,
  title={Friend-or-foe Q-learning in general-sum games},
  author={Littman, Michael L},
  booktitle={ICML},
  volume={1},
  year={2001}
}



@article{vlassis2003concise,
  title={A concise introduction to multiagent systems and distributed AI},
  author={Vlassis, Nikos},
  year={2003},
  publisher={Citeseer}
}

@inproceedings{hu1998multiagent,
  title={Multiagent reinforcement learning: theoretical framework and an algorithm.},
  author={Hu, Junling and Wellman, Michael P and others},
  booktitle={ICML},
  volume={98},
  year={1998},
  organization={Citeseer}
}


@inproceedings{sen1994learning,
  title={Learning to coordinate without sharing information},
  author={Sen, Sandip and Sekaran, Mahendra and Hale, John and others},
  booktitle={AAAI},
  volume={94},
  year={1994}
}


@incollection{littman1994markov,
  title={Markov games as a framework for multi-agent reinforcement learning},
  author={Littman, Michael L},
  booktitle={Machine Learning Proceedings 1994},
  year={1994},
  publisher={Elsevier}
}





@inproceedings{kok2005utile,
  title={Utile coordination: Learning interdependencies among cooperative agents},
  author={Kok, Jelle R and Hoen, Eter Jan and Bakker, Bram and Vlassis, Nikos},
  booktitle={EEE Symp. on Computational Intelligence and Games, Colchester, Essex},
  year={2005}
}


@article{prasad1998learning,
  title={Learning organizational roles for negotiated search in a multiagent system},
  author={Prasad, MV Nagendra and Lesser, Victor R and Lander, Susan E},
  journal={International Journal of Human-Computer Studies},
  volume={48},
  number={1},
  year={1998},
  publisher={Elsevier}
}


@inproceedings{boutilier1996planning,
  title={Planning, learning and coordination in multiagent decision processes},
  author={Boutilier, Craig},
  booktitle={Proceedings of the 6th conference on Theoretical aspects of rationality and knowledge},
  %pages={195--210},
  year={1996},
  organization={Morgan Kaufmann Publishers Inc.}
}



@article{claus1998dynamics,
  title={The dynamics of reinforcement learning in cooperative multiagent systems},
  author={Claus, Caroline and Boutilier, Craig},
  journal={AAAI/IAAI},
  volume={1998},
  year={1998}
}

@article{kapetanakis2002reinforcement,
  title={Reinforcement learning of coordination in cooperative multi-agent systems},
  author={Kapetanakis, Spiros and Kudenko, Daniel},
  journal={AAAI/IAAI},
  volume={2002},
  year={2002}
}

@inproceedings{wang2003reinforcement,
  title={Reinforcement learning to play an optimal Nash equilibrium in team Markov games},
  author={Wang, Xiaofeng and Sandholm, Tuomas},
  booktitle={NIPS},
  year={2003}
}




@article{omidshafiei2017deep,
  title={Deep Decentralized Multi-task Multi-Agent RL under Partial Observability},
  author={Omidshafiei, Shayegan and Pazis, Jason and Amato, Christopher and How, Jonathan P and Vian, John},
  journal={arXiv preprint arXiv:1703.06182},
  year={2017}
}

@inproceedings{kok2005using,
  title={Using the max-plus algorithm for multiagent decision making in coordination graphs},
  author={Kok, Jelle R and Vlassis, Nikos},
  booktitle={Robot Soccer World Cup},
  year={2005},
  organization={Springer}
}


@article{kok2005non,
  title={Non-communicative multi-robot coordination in dynamic environments},
  author={Kok, Jelle R and Spaan, Matthijs TJ and Vlassis, Nikos},
  journal={Robotics and Autonomous Systems},
  volume={50},
  number={2-3},
  year={2005},
  publisher={Elsevier}
}


@article{lin2017multi,
  title={Multi-agent Inverse Reinforcement Learning for Two-person Zero-sum Games},
  author={Lin, Xiaomin and Beling, Peter A and Cogill, Randy},
  journal={IEEE Transactions on Computational Intelligence and AI in Games},
  year={2017},
  publisher={IEEE}
}


@incollection{littman1994markov,
  title={Markov games as a framework for multi-agent reinforcement learning},
  author={Littman, Michael L},
  booktitle={Machine Learning Proceedings 1994},
  year={1994},
  publisher={Elsevier}
}

@inproceedings{guestrin2002coordinated,
  title={Coordinated reinforcement learning},
  author={Guestrin, Carlos and Lagoudakis, Michail and Parr, Ronald},
  booktitle={ICML},
  volume={2},
  year={2002}
}


@inproceedings{lauer2000algorithm,
  title={An algorithm for distributed reinforcement learning in cooperative multi-agent systems},
  author={Lauer, Martin and Riedmiller, Martin},
  booktitle={ICML},
  year={2000},
  organization={Citeseer}
}



@inproceedings{sukhbaatar2016learning,
  title={Learning multiagent communication with backpropagation},
  author={Sukhbaatar, Sainbayar and Fergus, Rob and others},
  booktitle={NIPS},
  year={2016}
}


@article{foerster2017counterfactual,
  title={Counterfactual multi-agent policy gradients},
  author={Foerster, Jakob and Farquhar, Gregory and Afouras, Triantafyllos and Nardelli, Nantas and Whiteson, Shimon},
  journal={arXiv preprint arXiv:1705.08926},
  year={2017}
}

@article{de2012polynomial,
  title={A polynomial-time Nash equilibrium algorithm for repeated stochastic games},
  author={De Cote, Enrique Munoz and Littman, Michael L},
  journal={UAI},
  year={2008}
}

@inproceedings{jain2015car,
  title={Car that knows before you do: Anticipating maneuvers via learning temporal driving models},
  author={Jain, Ashesh and Koppula, Hema S and Raghavan, Bharad and Soh, Shane and Saxena, Ashutosh},
  booktitle={IEEE-ICCV},
  year={2015}
}


@inproceedings{park2016egocentric,
  title={Egocentric Future Localization.},
  author={Park, Hyun Soo and Hwang, Jyh-Jing and Niu, Yedong and Shi, Jianbo},
  booktitle={CVPR},
  volume={2},
  number={3},
  year={2016}
}


@inproceedings{cancela2014unsupervised,
  title={Unsupervised trajectory modelling using temporal information via minimal paths},
  author={Cancela, Brais and Iglesias, Alberto and Ortega, Marcos and Penedo, Manuel G},
  booktitle={ CVPR},
  year={2014},
  organization={IEEE}
}


@inproceedings{huang2015approximate,
  title={Approximate MaxEnt Inverse Optimal Control and Its Application for Mental Simulation of Human Interactions.},
  author={Huang, De-An and Farahmand, Amir-massoud and Kitani, Kris M and Bagnell, James Andrew},
  booktitle={AAAI},
  volume={15},
  year={2015}
}


@inproceedings{kretzschmar2014learning,
  title={Learning to predict trajectories of cooperatively navigating agents},
  author={Kretzschmar, Henrik and Kuderer, Markus and Burgard, Wolfram},
  booktitle={ICRA},
  year={2014},
  organization={IEEE}
}


@inproceedings{scovanner2009learning,
  title={Learning pedestrian dynamics from the real world},
  author={Scovanner, Paul and Tappen, Marshall F},
  booktitle={Computer Vision, IEEE 12th International Conference on},
  year={2009},
  organization={IEEE}
}


@inproceedings{zhang2010multi,
  title={Multi-Agent Learning with Policy Prediction.},
  author={Zhang, Chongjie and Lesser, Victor R},
  booktitle={AAAI},
  year={2010}
}

@article{metz2016unrolled,
  title={Unrolled generative adversarial networks},
  author={Metz, Luke and Poole, Ben and Pfau, David and Sohl-Dickstein, Jascha},
  journal={arXiv preprint arXiv:1611.02163},
  year={2016}
}



@inproceedings{hernandez2017learning,
  title={Learning against sequential opponents in repeated stochastic games},
  author={Hernandez-Leal, Pablo and Kaisers, Michael},
  booktitle={The 3rd Multi-disciplinary Conference on Reinforcement Learning and Decision Making, Ann Arbor},
  year={2017}
}


@article{mealing2017opponent,
  title={Opponent Modeling by Expectation--Maximization and Sequence Prediction in Simplified Poker},
  author={Mealing, Richard and Shapiro, Jonathan L},
  journal={IEEE Transactions on Computational Intelligence and AI in Games},
  volume={9},
  number={1},
  year={2017},
  publisher={IEEE}
}


@article{brown1951iterative,
  title={Iterative solution of games by fictitious play},
  author={Brown, George W},
  journal={Activity analysis of production and allocation},
  volume={13},
  number={1},
  year={1951},
  publisher={New York}
}


@article{crandall2011learning,
  title={Learning to compete, coordinate, and cooperate in repeated games using reinforcement learning},
  author={Crandall, Jacob W and Goodrich, Michael A},
  journal={Machine Learning},
  volume={82},
  number={3},
  year={2011},
  publisher={Springer}
}



@article{lerer2017maintaining,
  title={Maintaining cooperation in complex social dilemmas using deep reinforcement learning},
  author={Lerer, Adam and Peysakhovich, Alexander},
  journal={arXiv preprint arXiv:1707.01068},
  year={2017}
}


@article{heinrich2016deep,
  title={Deep reinforcement learning from self-play in imperfect-information games},
  author={Heinrich, Johannes and Silver, David},
  journal={arXiv preprint arXiv:1603.01121},
  year={2016}
}


@inproceedings{lanctot2017unified,
  title={A unified game-theoretic approach to multiagent reinforcement learning},
  author={Lanctot, Marc and Zambaldi, Vinicius and Gruslys, Audrunas and Lazaridou, Angeliki and Perolat, Julien and Silver, David and Graepel, Thore and others},
  booktitle={NIPS},
  year={2017}
}


@inproceedings{lowe2017multi,
  title={Multi-agent actor-critic for mixed cooperative-competitive environments},
  author={Lowe, Ryan and Wu, Yi and Tamar, Aviv and Harb, Jean and Abbeel, OpenAI Pieter and Mordatch, Igor},
  booktitle={NIPS},
  year={2017}
}


@inproceedings{leibo2017multi,
  title={Multi-agent reinforcement learning in sequential social dilemmas},
  author={Leibo, Joel Z and Zambaldi, Vinicius and Lanctot, Marc and Marecki, Janusz and Graepel, Thore},
  booktitle={AAMAS},
  year={2017},
}



%@inproceedings{sukhbaatar2016learning,
%  title={Learning multiagent communication with backpropagation},
%  author={Sukhbaatar, Sainbayar and Fergus, Rob and others},
%  booktitle={NIPS},
%  %pages={2244--2252},
%  year={2016}
%}


@inproceedings{foerster2016learning,
  title={Learning to communicate with deep multi-agent reinforcement learning},
  author={Foerster, Jakob and Assael, Yannis and de Freitas, Nando and Whiteson, Shimon},
  booktitle={NIPS},
  year={2016}
}


@article{mordatch2017emergence,
  title={Emergence of grounded compositional language in multi-agent populations},
  author={Mordatch, Igor and Abbeel, Pieter},
  journal={arXiv preprint arXiv:1703.04908},
  year={2017}
}


@article{lazaridou2016multi,
  title={Multi-agent cooperation and the emergence of (natural) language},
  author={Lazaridou, Angeliki and Peysakhovich, Alexander and Baroni, Marco},
  journal={arXiv preprint arXiv:1612.07182},
  year={2016}
}


@article{mordatch2017emergence,
  title={Emergence of grounded compositional language in multi-agent populations},
  author={Mordatch, Igor and Abbeel, Pieter},
  journal={arXiv preprint arXiv:1703.04908},
  year={2017}
}

@inproceedings{mehran2009abnormal,
  title={Abnormal crowd behavior detection using social force model},
  author={Mehran, Ramin and Oyama, Alexis and Shah, Mubarak},
  booktitle={IEEE Conference-CVPR},
  year={2009},
  organization={IEEE}
}

@inproceedings{pellegrini2009you,
  title={You'll never walk alone: Modeling social behavior for multi-target tracking},
  author={Pellegrini, Stefano and Ess, Andreas and Schindler, Konrad and Van Gool, Luc},
  booktitle={Computer Vision, 2009 IEEE 12th International Conference on},
  year={2009},
  organization={IEEE}
}



@article{das2017learning,
  title={Learning cooperative visual dialog agents with deep reinforcement learning},
  author={Das, Abhishek and Kottur, Satwik and Moura, Jos{\'e} MF and Lee, Stefan and Batra, Dhruv},
  journal={arXiv preprint arXiv:1703.06585},
  year={2017}
}




@book{basar1999dynamic,
  title={Dynamic noncooperative game theory},
  author={Basar, Tamer and Olsder, Geert Jan},
  volume={23},
  year={1999},
  publisher={Siam}
}


@article{helbing1995social,
  title={Social force model for pedestrian dynamics},
  author={Helbing, Dirk and Molnar, Peter},
  journal={Physical review E},
  volume={51},
  number={5},
  year={1995},
  publisher={APS}
}

@book{hinton1999unsupervised,
  title={Unsupervised learning: foundations of neural computation},
  author={Hinton, Geoffrey E and Sejnowski, Terrence Joseph},
  year={1999},
  publisher={MIT press}
}


@book{abu2012learning,
  title={Learning from data},
  author={Abu-Mostafa, Yaser S and Magdon-Ismail, Malik and Lin, Hsuan-Tien},
  volume={4},
  year={2012},
  publisher={AMLBook New York, NY, USA:}
}


@book{sutton1998reinforcement,
  title={Reinforcement learning: An introduction},
  author={Sutton, Richard S and Barto, Andrew G},
  volume={1},
  number={1},
  year={1998},
  publisher={MIT press Cambridge}
}


@inproceedings{ali2008floor,
  title={Floor fields for tracking in high density crowd scenes},
  author={Ali, Saad and Shah, Mubarak},
  booktitle={European conference on computer vision},
  year={2008},
  organization={Springer}
}


@inproceedings{alahi2014socially,
  title={Socially-aware large-scale crowd forecasting},
  author={Alahi, Alexandre and Ramanathan, Vignesh and Fei-Fei, Li},
  booktitle={CVPR},
  year={2014},
  organization={IEEE}
}


@article{eberhardt2007interventions,
  title={Interventions and causal inference},
  author={Eberhardt, Frederick and Scheines, Richard},
  journal={Philosophy of Science},
  volume={74},
  number={5},
  pages={981--995},
  year={2007},
  publisher={The University of Chicago Press}
}



@book{pearl2009causality,
  title={Causality},
  author={Pearl, Judea},
  year={2009},
  publisher={Cambridge university press}
}


@book{koller2009probabilistic,
  title={Probabilistic graphical models: principles and techniques},
  author={Koller, Daphne and Friedman, Nir},
  year={2009},
  publisher={MIT press}
}


@inproceedings{lauer2000algorithm,
  title={An algorithm for distributed reinforcement learning in cooperative multi-agent systems},
  author={Lauer, Martin and Riedmiller, Martin},
  booktitle={ICML},
  year={2000},
  organization={Citeseer}
}
%###########################################################

@article{pomerleau1991efficient,
  title={Efficient training of artificial neural networks for autonomous navigation},
  author={Pomerleau, Dean A},
  journal={Neural Computation},
  volume={3},
  number={1},
  pages={88--97},
  year={1991},
  publisher={MITP}
}

@inproceedings{ng2000algorithms,
  title={Algorithms for inverse reinforcement learning.},
  author={Ng, Andrew Y and Russell, Stuart J and others},
  booktitle={Icml},
  volume={1},
  pages={2},
  year={2000}
}


@inproceedings{ho2016generative,
  title={Generative adversarial imitation learning},
  author={Ho, Jonathan and Ermon, Stefano},
  booktitle={Advances in Neural Information Processing Systems},
  pages={4565--4573},
  year={2016}
}

@inproceedings{muller2006off,
  title={Off-road obstacle avoidance through end-to-end learning},
  author={Muller, Urs and Ben, Jan and Cosatto, Eric and Flepp, Beat and Cun, Yann L},
  booktitle={Advances in neural information processing systems},
  pages={739--746},
  year={2006}
}


@inproceedings{ziebart2008maximum,
  title={Maximum entropy inverse reinforcement learning.},
  author={Ziebart, Brian D and Maas, Andrew L and Bagnell, J Andrew and Dey, Anind K},
  booktitle={Aaai},
  volume={8},
  pages={1433--1438},
  year={2008},
  organization={Chicago, IL, USA}
}


@inproceedings{louizos2017causal,
  title={Causal effect inference with deep latent-variable models},
  author={Louizos, Christos and Shalit, Uri and Mooij, Joris M and Sontag, David and Zemel, Richard and Welling, Max},
  booktitle={Advances in Neural Information Processing Systems},
  pages={6446--6456},
  year={2017}
}


@article{maathuis2010predicting,
  title={Predicting causal effects in large-scale systems from observational data},
  author={Maathuis, Marloes H and Colombo, Diego and Kalisch, Markus and B{\"u}hlmann, Peter},
  journal={Nature Methods},
  volume={7},
  number={4},
  pages={247},
  year={2010},
  publisher={Nature Publishing Group}
}

@book{peters2017elements,
  title={Elements of causal inference: foundations and learning algorithms},
  author={Peters, Jonas and Janzing, Dominik and Sch{\"o}lkopf, Bernhard},
  year={2017},
  publisher={MIT press}
}

@inproceedings{tong2001active,
  title={Active learning for structure in Bayesian networks},
  author={Tong, Simon and Koller, Daphne},
  booktitle={International joint conference on artificial intelligence},
  volume={17},
  number={1},
  pages={863--869},
  year={2001},
  organization={Citeseer}
}

@inproceedings{shanmugam2015learning,
  title={Learning causal graphs with small interventions},
  author={Shanmugam, Karthikeyan and Kocaoglu, Murat and Dimakis, Alexandros G and Vishwanath, Sriram},
  booktitle={Advances in Neural Information Processing Systems},
  pages={3195--3203},
  year={2015}
}

@article{etesami2017econometric,
  title={Econometric modeling of systemic risk: going beyond pairwise comparison and allowing for nonlinearity},
  author={Etesami, Jalal and Habibnia, Ali and Kiyavash, Negar},
  year={2017},
  publisher={Systemic Risk Centre, The London School of Economics and Political Science}
}


@inproceedings{lopez2017discovering,
  title={Discovering causal signals in images},
  author={Lopez-Paz, David and Nishihara, Robert and Chintala, Soumith and Scholkopf, Bernhard and Bottou, L{\'e}on},
  booktitle={Proceedings of the IEEE Conference on Computer Vision and Pattern Recognition},
  pages={6979--6987},
  year={2017}
}

@book{koller2009probabilistic,
  title={Probabilistic graphical models: principles and techniques},
  author={Koller, Daphne and Friedman, Nir},
  year={2009},
  publisher={MIT press}
}


@inproceedings{causalconfusion,
  title={Causal Confusion in Imitation Learning},
  author={P. Haan, D. Jayaraman, S. Levine},
  booktitle={NIPS Workshop},
  year={2018}
}


@phdthesis{bareinboim2014generalizability,
  title={Generalizability in Causal Inference: Theory and Algorithms},
  author={Bareinboim, Elias},
  year={2014},
  school={UCLA}
}

@inproceedings{saenko2010adapting,
  title={Adapting visual category models to new domains},
  author={Saenko, Kate and Kulis, Brian and Fritz, Mario and Darrell, Trevor},
  booktitle={European conference on computer vision},
  pages={213--226},
  year={2010},
  organization={Springer}
}


@inproceedings{donahue2014decaf,
  title={Decaf: A deep convolutional activation feature for generic visual recognition},
  author={Donahue, Jeff and Jia, Yangqing and Vinyals, Oriol and Hoffman, Judy and Zhang, Ning and Tzeng, Eric and Darrell, Trevor},
  booktitle={International conference on machine learning},
  pages={647--655},
  year={2014}
}


@book{cover2012elements,
  title={Elements of information theory},
  author={Cover, Thomas M and Thomas, Joy A},
  year={2012},
  publisher={John Wiley \& Sons}
}







@article{decausal,
  title={Causal Confusion in Imitation Learning},
  author={de Haan, Pim and Jayaraman, Dinesh and Levine, Sergey}
}



@article{argall2009survey,
  title={A survey of robot learning from demonstration},
  author={Argall, Brenna D and Chernova, Sonia and Veloso, Manuela and Browning, Brett},
  journal={Robotics and autonomous systems},
  volume={57},
  number={5},
  pages={469--483},
  year={2009},
  publisher={Elsevier}
}




@article{ude2004programming,
  title={Programming full-body movements for humanoid robots by observation},
  author={Ude, Ale{\v{s}} and Atkeson, Christopher G and Riley, Marcia},
  journal={Robotics and autonomous systems},
  volume={47},
  number={2-3},
  pages={93--108},
  year={2004},
  publisher={Elsevier}
}




@article{stadie2017third,
  title={Third-person imitation learning},
  author={Stadie, Bradly C and Abbeel, Pieter and Sutskever, Ilya},
  journal={arXiv preprint arXiv:1703.01703},
  year={2017}
}


@book{spirtes2000causation,
  title={Causation, prediction, and search},
  author={Spirtes, Peter and Glymour, Clark N and Scheines, Richard and Heckerman, David and Meek, Christopher and Cooper, Gregory and Richardson, Thomas},
  year={2000},
  publisher={MIT press}
}



@article{schaal1999imitation,
  title={Is imitation learning the route to humanoid robots?},
  author={Schaal, Stefan},
  journal={Trends in cognitive sciences},
  volume={3},
  number={6},
  pages={233--242},
  year={1999},
  publisher={Elsevier}
}


@inproceedings{highDdataset,
               title={The highD Dataset: A Drone Dataset of Naturalistic Vehicle Trajectories on German Highways for Validation of Highly Automated Driving Systems},
               author={Krajewski, Robert and Bock, Julian and Kloeker, Laurent and Eckstein, Lutz},
               booktitle={2018 IEEE 21st International Conference on Intelligent Transportation Systems (ITSC)},
               year={2018}}
			   
			   
			   
@article{magliacane2017causal,
  title={Causal transfer learning},
  author={Magliacane, Sara and van Ommen, Thijs and Claassen, Tom and Bongers, Stephan and Versteeg, Philip and Mooij, Joris M},
  journal={arXiv preprint arXiv:1707.06422},
  year={2017}
}



@inproceedings{atkeson1997robot,
  title={Robot learning from demonstration},
  author={Atkeson, Christopher G and Schaal, Stefan},
  booktitle={ICML},
  volume={97},
  pages={12--20},
  year={1997},
  organization={Citeseer}
}



@inproceedings{forney2017counterfactual,
  title={Counterfactual data-fusion for online reinforcement learners},
  author={Forney, Andrew and Pearl, Judea and Bareinboim, Elias},
  booktitle={Proceedings of the 34th International Conference on Machine Learning-Volume 70},
  pages={1156--1164},
  year={2017},
  organization={JMLR. org}
}


@inproceedings{bareinboim2015bandits,
  title={Bandits with unobserved confounders: A causal approach},
  author={Bareinboim, Elias and Forney, Andrew and Pearl, Judea},
  booktitle={Advances in Neural Information Processing Systems},
  pages={1342--1350},
  year={2015}
}



@article{zhan2019interaction,
  title={INTERACTION Dataset: An INTERnational, Adversarial and Cooperative moTION Dataset in Interactive Driving Scenarios with Semantic Maps},
  author={Zhan, Wei and Sun, Liting and Wang, Di and Shi, Haojie and Clausse, Aubrey and Naumann, Maximilian and Kummerle, Julius and Konigshof, Hendrik and Stiller, Christoph and de La Fortelle, Arnaud and others},
  journal={arXiv preprint arXiv:1910.03088},
  year={2019}
}


@article{geiger2016experimental,
  title={Experimental and causal view on information integration in autonomous agents},
  author={Geiger, Philipp and Hofmann, Katja and Sch{\"o}lkopf, Bernhard},
  journal={arXiv preprint arXiv:1606.04250},
  year={2016}
}

@article{jeon2018bayesian,
  title={A Bayesian approach to generative adversarial imitation learning},
  author={Jeon, Wonseok and Seo, Seokin and Kim, Kee-Eung},
  booktitle={Advances in Neural Information Processing Systems},
  pages={7429--7439},
  year={2018}
}

