%% 1. The development implicit neural representation (INR)
% FFN
@article{tancik2020fourier,
  title={Fourier features let networks learn high frequency functions in low dimensional domains},
  author={Tancik, Matthew and Srinivasan, Pratul and Mildenhall, Ben and Fridovich-Keil, Sara and Raghavan, Nithin and Singhal, Utkarsh and Ramamoorthi, Ravi and Barron, Jonathan and Ng, Ren},
  journal={Advances in Neural Information Processing Systems},
  volume={33},
  pages={7537--7547},
  year={2020}
}


% SIREN
@article{2020siren,
  title={Implicit neural representations with periodic activation functions},
  author={Sitzmann, Vincent and Martel, Julien and Bergman, Alexander and Lindell, David and Wetzstein, Gordon},
  journal={Advances in neural information processing systems},
  volume={33},
  pages={7462--7473},
  year={2020}
}

% MFN
@inproceedings{fathony2020multiplicative,
  title={Multiplicative filter networks},
  author={Fathony, Rizal and Sahu, Anit Kumar and Willmott, Devin and Kolter, J Zico},
  booktitle={International Conference on Learning Representations},
  year={2020}
}

&BACON
@inproceedings{lindell2022bacon,
  title={Bacon: Band-limited coordinate networks for multiscale scene representation},
  author={Lindell, David B and Van Veen, Dave and Park, Jeong Joon and Wetzstein, Gordon},
  booktitle={Proceedings of the IEEE/CVF conference on computer vision and pattern recognition},
  pages={16252--16262},
  year={2022}
}

% RMFN
@article{shekarforoush2022residual,
  title={Residual multiplicative filter networks for multiscale reconstruction},
  author={Shekarforoush, Shayan and Lindell, David and Fleet, David J and Brubaker, Marcus A},
  journal={Advances in Neural Information Processing Systems},
  volume={35},
  pages={8550--8563},
  year={2022}
}


@inproceedings{yuce2022structured,
  title={A structured dictionary perspective on implicit neural representations},
  author={Y{\"u}ce, Gizem and Ortiz-Jim{\'e}nez, Guillermo and Besbinar, Beril and Frossard, Pascal},
  booktitle={Proceedings of the IEEE/CVF Conference on Computer Vision and Pattern Recognition},
  pages={19228--19238},
  year={2022}
}


%% 2. INR with explicit feature volume or hybrid coordinate encoder and feature decoder
% NSVF
@article{liu2020neural,
  title={Neural sparse voxel fields},
  author={Liu, Lingjie and Gu, Jiatao and Zaw Lin, Kyaw and Chua, Tat-Seng and Theobalt, Christian},
  journal={Advances in Neural Information Processing Systems},
  volume={33},
  pages={15651--15663},
  year={2020}
}

% MFLOD
@inproceedings{dou2023multiplicative,
  title={Multiplicative Fourier Level of Detail},
  author={Dou, Yishun and Zheng, Zhong and Jin, Qiaoqiao and Ni, Bingbing},
  booktitle={Proceedings of the IEEE/CVF Conference on Computer Vision and Pattern Recognition},
  pages={1808--1817},
  year={2023}
}

% ACORN
@article{martel2021acorn,
  title={Acorn: Adaptive coordinate networks for neural scene representation},
  author={Martel, Julien NP and Lindell, David B and Lin, Connor Z and Chan, Eric R and Monteiro, Marco and Wetzstein, Gordon},
  journal={arXiv preprint arXiv:2105.02788},
  year={2021}
}


%% 3. Applications of INR
% -  data compression via meta-Tearning

% learned-initialization

% COIN
@article{dupont2021coin,
  title={Coin: Compression with implicit neural representations},
  author={Dupont, Emilien and Goli{\'n}ski, Adam and Alizadeh, Milad and Teh, Yee Whye and Doucet, Arnaud},
  journal={arXiv preprint arXiv:2103.03123},
  year={2021}
}

% COIN++
@article{dupont2022coin++,
  title={COIN++: Neural compression across modalities},
  author={Dupont, Emilien and Loya, Hrushikesh and Alizadeh, Milad and Goli{\'n}ski, Adam and Teh, Yee Whye and Doucet, Arnaud},
  journal={arXiv preprint arXiv:2201.12904},
  year={2022}
}

% implicit neural representation for image compression
@inproceedings{strumpler2022implicit,
  title={Implicit neural representations for image compression},
  author={Str{\"u}mpler, Yannick and Postels, Janis and Yang, Ren and Gool, Luc Van and Tombari, Federico},
  booktitle={European Conference on Computer Vision},
  pages={74--91},
  year={2022},
  organization={Springer}
}


% - arbitrary SISR with multilevel supervision
% DINN


% LIIF
@inproceedings{chen2021learning,
  title={Learning continuous image representation with local implicit image function},
  author={Chen, Yinbo and Liu, Sifei and Wang, Xiaolong},
  booktitle={Proceedings of the IEEE/CVF conference on computer vision and pattern recognition},
  pages={8628--8638},
  year={2021}
}


% WIRE
@inproceedings{saragadam2023wire,
  title={Wire: Wavelet implicit neural representations},
  author={Saragadam, Vishwanath and LeJeune, Daniel and Tan, Jasper and Balakrishnan, Guha and Veeraraghavan, Ashok and Baraniuk, Richard G},
  booktitle={Proceedings of the IEEE/CVF Conference on Computer Vision and Pattern Recognition},
  pages={18507--18516},
  year={2023}
}



@article{kingma2014adam,
  title={Adam: A method for stochastic optimization},
  author={Kingma, Diederik P and Ba, Jimmy},
  journal={arXiv preprint arXiv:1412.6980},
  year={2014}
}


@incollection{pytorch,
title = {PyTorch: An Imperative Style, High-Performance Deep Learning Library},
author = {Paszke, Adam and Gross, Sam and Massa, Francisco and Lerer, Adam and Bradbury, James and Chanan, Gregory and Killeen, Trevor and Lin, Zeming and Gimelshein, Natalia and Antiga, Luca and Desmaison, Alban and Kopf, Andreas and Yang, Edward and DeVito, Zachary and Raison, Martin and Tejani, Alykhan and Chilamkurthy, Sasank and Steiner, Benoit and Fang, Lu and Bai, Junjie and Chintala, Soumith},
booktitle = {Advances in Neural Information Processing Systems 32},
pages = {8024--8035},
year = {2019},
publisher = {Curran Associates, Inc.},
url = {http://papers.neurips.cc/paper/9015-pytorch-an-imperative-style-high-performance-deep-learning-library.pdf}
}

@misc{kodak,
	author = {{Eastman Kodak Company}},
	title = {Kodak lossless true color image suite},
	howpublished = {\url{http://r0k.us/graphics/kodak/}},
	year = {1999},
	note = {[Accessed 14-08-2023]},
}

@article{mildenhall2021nerf,
  title={Nerf: Representing scenes as neural radiance fields for view synthesis},
  author={Mildenhall, Ben and Srinivasan, Pratul P and Tancik, Matthew and Barron, Jonathan T and Ramamoorthi, Ravi and Ng, Ren},
  journal={Communications of the ACM},
  volume={65},
  number={1},
  pages={99--106},
  year={2021},
  publisher={ACM New York, NY, USA}
}

@article{vaswani2017attention,
  title={Attention is all you need},
  author={Vaswani, Ashish and Shazeer, Noam and Parmar, Niki and Uszkoreit, Jakob and Jones, Llion and Gomez, Aidan N and Kaiser, {\L}ukasz and Polosukhin, Illia},
  journal={Advances in neural information processing systems},
  volume={30},
  year={2017}
}


@article{jacot2018ntk,
  title={Neural tangent kernel: Convergence and generalization in neural networks},
  author={Jacot, Arthur and Gabriel, Franck and Hongler, Cl{\'e}ment},
  journal={Advances in neural information processing systems},
  volume={31},
  year={2018}
}

@inproceedings{mescheder2019occupancy,
  title={Occupancy networks: Learning 3d reconstruction in function space},
  author={Mescheder, Lars and Oechsle, Michael and Niemeyer, Michael and Nowozin, Sebastian and Geiger, Andreas},
  booktitle={Proceedings of the IEEE/CVF conference on computer vision and pattern recognition},
  pages={4460--4470},
  year={2019}
}


@inproceedings{chen2019learning,
  title={Learning implicit fields for generative shape modeling},
  author={Chen, Zhiqin and Zhang, Hao},
  booktitle={Proceedings of the IEEE/CVF Conference on Computer Vision and Pattern Recognition},
  pages={5939--5948},
  year={2019}
}

@article{sitzmann2019scene,
  title={Scene representation networks: Continuous 3d-structure-aware neural scene representations},
  author={Sitzmann, Vincent and Zollh{\"o}fer, Michael and Wetzstein, Gordon},
  journal={Advances in Neural Information Processing Systems},
  volume={32},
  year={2019}
}


@inproceedings{park2019deepsdf,
  title={Deepsdf: Learning continuous signed distance functions for shape representation},
  author={Park, Jeong Joon and Florence, Peter and Straub, Julian and Newcombe, Richard and Lovegrove, Steven},
  booktitle={Proceedings of the IEEE/CVF conference on computer vision and pattern recognition},
  pages={165--174},
  year={2019}
}


% SSIM
@article{wang2004image,
  title={Image quality assessment: from error visibility to structural similarity},
  author={Wang, Zhou and Bovik, Alan C and Sheikh, Hamid R and Simoncelli, Eero P},
  journal={IEEE transactions on image processing},
  volume={13},
  number={4},
  pages={600--612},
  year={2004},
  publisher={IEEE}
}

%Trimesh_python
@misc{trimesh,
	author = {{Dawson-Haggerty et al.}},
	title = {trimesh},
	url = {https://trimsh.org/},	
	year = {2019},
}


@article{rahimi2007rff,
  title={Random features for large-scale kernel machines},
  author={Rahimi, Ali and Recht, Benjamin},
  journal={Advances in neural information processing systems},
  volume={20},
  year={2007}
}