@inproceedings{qu2017attention,
  title={An attention-based collaboration framework for multi-view network representation learning},
  author={Qu, Meng and Tang, Jian and Shang, Jingbo and Ren, Xiang and Zhang, Ming and Han, Jiawei},
  booktitle={Proceedings of the 2017 ACM on Conference on Information and Knowledge Management},
  pages={1767--1776},
  year={2017}
}

@article{botev2010kernel,
  title={Kernel density estimation via diffusion},
  author={Botev, ZI and Grotowski, JF and Kroese, DP},
  journal={Annals of Statistics},
  volume={38},
  number={5},
  pages={2916--2957},
  year={2010},
  publisher={Institute of Mathematical Statistics}
}

@inproceedings{yu2022graph,
  title={Are graph augmentations necessary? simple graph contrastive learning for recommendation},
  author={Yu, Junliang and Yin, Hongzhi and Xia, Xin and Chen, Tong and Cui, Lizhen and Nguyen, Quoc Viet Hung},
  booktitle={Proceedings of the 45th international ACM SIGIR conference on research and development in information retrieval},
  pages={1294--1303},
  year={2022}
}

@inproceedings{trosten2021reconsidering,
  title={Reconsidering representation alignment for multi-view clustering},
  author={Trosten, Daniel J and Lokse, Sigurd and Jenssen, Robert and Kampffmeyer, Michael},
  booktitle={Proceedings of the IEEE/CVF conference on computer vision and pattern recognition},
  pages={1255--1265},
  year={2021}
}

@inproceedings{li2019flexible,
  title={Flexible Multi-View Representation Learning for Subspace Clustering.},
  author={Li, Ruihuang and Zhang, Changqing and Hu, Qinghua and Zhu, Pengfei and Wang, Zheng},
  booktitle={IJCAI},
  pages={2916--2922},
  year={2019}
}

@inproceedings{peng2019comic,
  title={COMIC: Multi-view clustering without parameter selection},
  author={Peng, Xi and Huang, Zhenyu and Lv, Jiancheng and Zhu, Hongyuan and Zhou, Joey Tianyi},
  booktitle={International conference on machine learning},
  pages={5092--5101},
  year={2019},
  organization={PMLR}
}

@inproceedings{nie2017self,
  title={Self-weighted Multiview Clustering with Multiple Graphs.},
  author={Nie, Feiping and Li, Jing and Li, Xuelong and others},
  booktitle={IJCAI},
  pages={2564--2570},
  year={2017}
}

@inproceedings{fan2020one2multi,
  title={One2multi graph autoencoder for multi-view graph clustering},
  author={Fan, Shaohua and Wang, Xiao and Shi, Chuan and Lu, Emiao and Lin, Ken and Wang, Bai},
  booktitle={proceedings of the web conference 2020},
  pages={3070--3076},
  year={2020}
}

@article{wang2021consistent,
  title={Consistent multiple graph embedding for multi-view clustering},
  author={Wang, Yiming and Chang, Dongxia and Fu, Zhiqiang and Zhao, Yao},
  journal={IEEE Transactions on Multimedia},
  year={2021},
  publisher={IEEE}
}

@article{pan2021multi,
  title={Multi-view contrastive graph clustering},
  author={Pan, Erlin and Kang, Zhao},
  journal={Advances in neural information processing systems},
  volume={34},
  pages={2148--2159},
  year={2021}
}

@inproceedings{lin2021completer,
  title={Completer: Incomplete multi-view clustering via contrastive prediction},
  author={Lin, Yijie and Gou, Yuanbiao and Liu, Zitao and Li, Boyun and Lv, Jiancheng and Peng, Xi},
  booktitle={Proceedings of the IEEE/CVF conference on computer vision and pattern recognition},
  pages={11174--11183},
  year={2021}
}

@article{henaff2015deep,
  title={Deep convolutional networks on graph-structured data},
  author={Henaff, Mikael and Bruna, Joan and LeCun, Yann},
  journal={arXiv preprint arXiv:1506.05163},
  year={2015}
}

@inproceedings{zhang2019attributed,
  title={Attributed graph clustering via adaptive graph convolution},
  author={Zhang, Xiaotong and Liu, Han and Li, Qimai and Wu, Xiao Ming},
  booktitle={28th International Joint Conference on Artificial Intelligence, IJCAI 2019},
  year={2019}
}

@inproceedings{lin2021graph,
  title={Graph Filter-based Multi-view Attributed Graph Clustering.},
  author={Lin, Zhiping and Kang, Zhao},
  booktitle={IJCAI},
  pages={2723--2729},
  year={2021}
}

@inproceedings{kang2022fine,
  title={Fine-grained attributed graph clustering},
  author={Kang, Zhao and Liu, Zhanyu and Pan, Shirui and Tian, Ling},
  booktitle={Proceedings of the 2022 SIAM International Conference on Data Mining (SDM)},
  pages={370--378},
  year={2022},
  organization={SIAM}
}

@inproceedings{chang2021spectral,
  title={Spectral graph attention network with fast eigen-approximation},
  author={Chang, Heng and Rong, Yu and Xu, Tingyang and Huang, Wenbing and Sojoudi, Somayeh and Huang, Junzhou and Zhu, Wenwu},
  booktitle={Proceedings of the 30th ACM International Conference on Information \& Knowledge Management},
  pages={2905--2909},
  year={2021}
}

@inproceedings{li2021beyond,
  title={Beyond low-pass filters: Adaptive feature propagation on graphs},
  author={Li, Shouheng and Kim, Dongwoo and Wang, Qing},
  booktitle={Machine Learning and Knowledge Discovery in Databases. Research Track: European Conference, ECML PKDD 2021, Bilbao, Spain, September 13--17, 2021, Proceedings, Part II 21},
  pages={450--465},
  year={2021},
  organization={Springer}
}

@article{wu2022beyond,
  title={Beyond low-pass filtering: Graph convolutional networks with automatic filtering},
  author={Wu, Zonghan and Pan, Shirui and Long, Guodong and Jiang, Jing and Zhang, Chengqi},
  journal={IEEE Transactions on Knowledge and Data Engineering},
  year={2022},
  publisher={IEEE}
}

@article{luan2022revisiting,
  title={Revisiting heterophily for graph neural networks},
  author={Luan, Sitao and Hua, Chenqing and Lu, Qincheng and Zhu, Jiaqi and Zhao, Mingde and Zhang, Shuyuan and Chang, Xiao-Wen and Precup, Doina},
  journal={Advances in neural information processing systems},
  volume={35},
  pages={1362--1375},
  year={2022}
}

@inproceedings{zbontar2021barlow,
  title={Barlow twins: Self-supervised learning via redundancy reduction},
  author={Zbontar, Jure and Jing, Li and Misra, Ishan and LeCun, Yann and Deny, St{\'e}phane},
  booktitle={International Conference on Machine Learning},
  pages={12310--12320},
  year={2021},
  organization={PMLR}
}

@inproceedings{liu2022deep,
  title={Deep graph clustering via dual correlation reduction},
  author={Liu, Yue and Tu, Wenxuan and Zhou, Sihang and Liu, Xinwang and Song, Linxuan and Yang, Xihong and Zhu, En},
  booktitle={Proceedings of the AAAI Conference on Artificial Intelligence},
  volume={36},
  number={7},
  pages={7603--7611},
  year={2022}
}

@inproceedings{hou2022graphmae,
  title={Graphmae: Self-supervised masked graph autoencoders},
  author={Hou, Zhenyu and Liu, Xiao and Cen, Yukuo and Dong, Yuxiao and Yang, Hongxia and Wang, Chunjie and Tang, Jie},
  booktitle={Proceedings of the 28th ACM SIGKDD Conference on Knowledge Discovery and Data Mining},
  pages={594--604},
  year={2022}
}

@article{kullback1951information,
  title={On information and sufficiency},
  author={Kullback, Solomon and Leibler, Richard A},
  journal={The annals of mathematical statistics},
  volume={22},
  number={1},
  pages={79--86},
  year={1951},
  publisher={JSTOR}
}

@inproceedings{kingma2017adam,
  title={Adam: A Method for Stochastic Optimization},
  author={Diederik P. Kingma and Jimmy Ba},
  booktitle={Proceedings of the International Conference on Learning Representations (ICLR) 2015},
  year={2015}
}

@inproceedings{tu2021deep,
  title={Deep fusion clustering network},
  author={Tu, Wenxuan and Zhou, Sihang and Liu, Xinwang and Guo, Xifeng and Cai, Zhiping and Zhu, En and Cheng, Jieren},
  booktitle={Proceedings of the AAAI Conference on Artificial Intelligence},
  volume={35},
  number={11},
  pages={9978--9987},
  year={2021}
}

@inproceedings{tang2008arnetminer,
  title={Arnetminer: extraction and mining of academic social networks},
  author={Tang, Jie and Zhang, Jing and Yao, Limin and Li, Juanzi and Zhang, Li and Su, Zhong},
  booktitle={Proceedings of the 14th ACM SIGKDD international conference on Knowledge discovery and data mining},
  pages={990--998},
  year={2008}
}

@inproceedings{he2016ups,
  title={Ups and downs: Modeling the visual evolution of fashion trends with one-class collaborative filtering},
  author={He, Ruining and McAuley, Julian},
  booktitle={proceedings of the 25th international conference on world wide web},
  pages={507--517},
  year={2016}
}

@inproceedings{tang2015line,
  title={Line: Large-scale information network embedding},
  author={Tang, Jian and Qu, Meng and Wang, Mingzhe and Zhang, Ming and Yan, Jun and Mei, Qiaozhu},
  booktitle={Proceedings of the 24th international conference on world wide web},
  pages={1067--1077},
  year={2015}
}

@article{kipf2016variational,
  title={Variational Graph Auto-Encoders},
  author={Kipf, Thomas N and Welling, Max},
  journal={stat},
  volume={1050},
  pages={21},
  year={2016}
}

@inproceedings{xia2014robust,
  title={Robust multi-view spectral clustering via low-rank and sparse decomposition},
  author={Xia, Rongkai and Pan, Yan and Du, Lei and Yin, Jian},
  booktitle={Proceedings of the AAAI conference on artificial intelligence},
  volume={28},
  number={1},
  year={2014}
}

@inproceedings{jing2021hdmi,
  title={Hdmi: High-order deep multiplex infomax},
  author={Jing, Baoyu and Park, Chanyoung and Tong, Hanghang},
  booktitle={Proceedings of the Web Conference 2021},
  pages={2414--2424},
  year={2021}
}

@inproceedings{lee2022relational,
  title={Relational self-supervised learning on graphs},
  author={Lee, Namkyeong and Hyun, Dongmin and Lee, Junseok and Park, Chanyoung},
  booktitle={Proceedings of the 31st ACM International Conference on Information \& Knowledge Management},
  pages={1054--1063},
  year={2022}
}

@inproceedings{chen2021exploring,
  title={Exploring simple siamese representation learning},
  author={Chen, Xinlei and He, Kaiming},
  booktitle={Proceedings of the IEEE/CVF conference on computer vision and pattern recognition},
  pages={15750--15758},
  year={2021}
}

@article{grill2020bootstrap,
  title={Bootstrap your own latent-a new approach to self-supervised learning},
  author={Grill, Jean-Bastien and Strub, Florian and Altch{\'e}, Florent and Tallec, Corentin and Richemond, Pierre and Buchatskaya, Elena and Doersch, Carl and Avila Pires, Bernardo and Guo, Zhaohan and Gheshlaghi Azar, Mohammad and others},
  journal={Advances in neural information processing systems},
  volume={33},
  pages={21271--21284},
  year={2020}
}

@inproceedings{zhang2022align,
  title={Align representations with base: A new approach to self-supervised learning},
  author={Zhang, Shaofeng and Qiu, Lyn and Zhu, Feng and Yan, Junchi and Zhang, Hengrui and Zhao, Rui and Li, Hongyang and Yang, Xiaokang},
  booktitle={Proceedings of the IEEE/CVF Conference on Computer Vision and Pattern Recognition},
  pages={16600--16609},
  year={2022}
}

@article{zhou2023self,
  title={Self-supervised Action Representation Learning from Partial Spatio-Temporal Skeleton Sequences},
  author={Zhou, Yujie and Duan, Haodong and Rao, Anyi and Su, Bing and Wang, Jiaqi},
  journal={arXiv preprint arXiv:2302.09018},
  year={2023}
}

@article{bielak2022graph,
  title={Graph barlow twins: A self-supervised representation learning framework for graphs},
  author={Bielak, Piotr and Kajdanowicz, Tomasz and Chawla, Nitesh V},
  journal={Knowledge-Based Systems},
  volume={256},
  pages={109631},
  year={2022},
  publisher={Elsevier}
}

@inproceedings{zhang2021zero,
  title={Zero-cl: Instance and feature decorrelation for negative-free symmetric contrastive learning},
  author={Zhang, Shaofeng and Zhu, Feng and Yan, Junchi and Zhao, Rui and Yang, Xiaokang},
  booktitle={International Conference on Learning Representations},
  year={2021}
}

@inproceedings{he2020momentum,
  title={Momentum contrast for unsupervised visual representation learning},
  author={He, Kaiming and Fan, Haoqi and Wu, Yuxin and Xie, Saining and Girshick, Ross},
  booktitle={Proceedings of the IEEE/CVF conference on computer vision and pattern recognition},
  pages={9729--9738},
  year={2020}
}

@inproceedings{chen2020simple,
  title={A simple framework for contrastive learning of visual representations},
  author={Chen, Ting and Kornblith, Simon and Norouzi, Mohammad and Hinton, Geoffrey},
  booktitle={International conference on machine learning},
  pages={1597--1607},
  year={2020},
  organization={PMLR}
}

@article{mo2023multiplex,
  title={Multiplex Graph Representation Learning Via Dual Correlation Reduction},
  author={Mo, Yujie and Chen, Yuhuan and Lei, Yajie and Peng, Liang and Shi, Xiaoshuang and Yuan, Changan and Zhu, Xiaofeng},
  journal={IEEE Transactions on Knowledge and Data Engineering},
  year={2023},
  publisher={IEEE}
}

@article{xia2022multi,
  title={Multi-view graph embedding clustering network: Joint self-supervision and block diagonal representation},
  author={Xia, Wei and Wang, Sen and Yang, Ming and Gao, Quanxue and Han, Jungong and Gao, Xinbo},
  journal={Neural Networks},
  volume={145},
  pages={1--9},
  year={2022},
  publisher={Elsevier}
}

@article{zhan2018multiview,
  title={Multiview consensus graph clustering},
  author={Zhan, Kun and Nie, Feiping and Wang, Jing and Yang, Yi},
  journal={IEEE Transactions on Image Processing},
  volume={28},
  number={3},
  pages={1261--1270},
  year={2018},
  publisher={IEEE}
}

@article{yang2023deep,
  title={Deep Multiview Collaborative Clustering},
  author={Yang, Xu and Deng, Cheng and Dang, Zhiyuan and Tao, Dacheng},
  journal={IEEE TRANSACTIONS ON NEURAL NETWORKS AND LEARNING SYSTEMS},
  volume={34},
  number={1},
  year={2023}
}

@inproceedings{arora2019theoretical,
  title={A theoretical analysis of contrastive unsupervised representation learning},
  author={Arora, Sanjeev and Khandeparkar, Hrishikesh and Khodak, Mikhail and Plevrakis, Orestis and Saunshi, Nikunj},
  booktitle={36th International Conference on Machine Learning, ICML 2019},
  pages={9904--9923},
  year={2019},
  organization={International Machine Learning Society (IMLS)}
}

@inproceedings{cheng2021multi,
  title={Multi-view attribute graph convolution networks for clustering},
  author={Cheng, Jiafeng and Wang, Qianqian and Tao, Zhiqiang and Xie, Deyan and Gao, Quanxue},
  booktitle={Proceedings of the twenty-ninth international conference on international joint conferences on artificial intelligence},
  pages={2973--2979},
  year={2021}
}

@article{shwartz2022opening,
  title={Opening the Black Box of Deep Neural Networks via Information},
  author={Shwartz-Ziv, Ravid and Tishby, Naftali},
  journal={Information Flow in Deep Neural Networks},
  pages={24},
  year={2022}
}

@inproceedings{lyu2022understanding,
  title={Understanding latent correlation-based multiview learning and self-supervision: An identifiability perspective},
  author={Lyu, Qi and Fu, Xiao and Wang, Weiran and Lu, Songtao},
  booktitle={International Conference on Learning Representations},
  year={2022}
}

@book{higham2002accuracy,
  title={Accuracy and stability of numerical algorithms},
  author={Higham, Nicholas J},
  year={2002},
  publisher={SIAM}
}

@inproceedings{wang2021self,
  title={Self-supervised heterogeneous graph neural network with co-contrastive learning},
  author={Wang, Xiao and Liu, Nian and Han, Hui and Shi, Chuan},
  booktitle={Proceedings of the 27th ACM SIGKDD conference on knowledge discovery \& data mining},
  pages={1726--1736},
  year={2021}
}

@InProceedings{pmlr-v202-pan23b,
  title = {Beyond Homophily: Reconstructing Structure for Graph-agnostic Clustering},
  author = {Pan, Erlin and Kang, Zhao},
  booktitle = {Proceedings of the 40th International Conference on Machine Learning},
  pages = {26868--26877},
  year = {2023},
}

@inproceedings{10.1145/3308558.3313562,
author = {Wang, Xiao and Ji, Houye and Shi, Chuan and Wang, Bai and Ye, Yanfang and Cui, Peng and Yu, Philip S},
title = {Heterogeneous Graph Attention Network},
year = {2019},
booktitle = {The World Wide Web Conference},
pages = {2022–2032},
numpages = {11},
keywords = {Social Network, Graph Analysis, Neural Network},
location = {San Francisco, CA, USA},
series = {WWW '19}
}

@article{10.1016/j.ins.2022.09.042,
author = {Liu, Liang and Kang, Zhao and Ruan, Jiajia and He, Xixu},
title = {Multilayer Graph Contrastive Clustering Network},
year = {2022},
issue_date = {Oct 2022},
publisher = {Elsevier Science Inc.},
address = {USA},
volume = {613},
number = {C},
issn = {0020-0255},
url = {https://doi.org/10.1016/j.ins.2022.09.042},
doi = {10.1016/j.ins.2022.09.042},
journal = {Inf. Sci.},
month = {oct},
pages = {256–267},
numpages = {12},
keywords = {Multiple networks, Multiview graph, Self-supervised, Graph clustering}
}

@inproceedings{fang2022structure,
  title={Structure-preserving graph representation learning},
  author={Fang, Ruiyi and Wen, Liangjian and Kang, Zhao and Liu, Jianzhuang},
  booktitle={2022 IEEE International Conference on Data Mining (ICDM)},
  pages={927--932},
  year={2022},
  organization={IEEE}
}

@article{pan2023high,
  title={High-order multi-view clustering for generic data},
  author={Pan, Erlin and Kang, Zhao},
  journal={Information Fusion},
  volume={100},
  pages={101947},
  year={2023},
  publisher={Elsevier}
}

@article{lin2023multi,
  title={Multi-View Attributed Graph Clustering},
  author={Lin, Zhiping and Kang, Zhao and Zhang, Lizong and Tian, Ling},
  journal={IEEE Transactions on Knowledge \& Data Engineering},
  volume={35},
  number={02},
  pages={1872--1880},
  year={2023},
  publisher={IEEE Computer Society}
}