# =============================== supervised re-id =================================
@inproceedings{zhou2017see,
  title={See the forest for the trees: Joint spatial and temporal recurrent neural networks for video-based person re-identification},
  author={Zhou, Zhen and Huang, Yan and Wang, Wei and Wang, Liang and Tan, Tieniu},
  booktitle={Proceedings of the IEEE Conference on Computer Vision and Pattern Recognition},
  pages={4747--4756},
  year={2017}
}

@inproceedings{liu2017quality,
  title={Quality aware network for set to set recognition},
  author={Liu, Yu and Yan, Junjie and Ouyang, Wanli},
  booktitle={Proceedings of the IEEE Conference on Computer Vision and Pattern Recognition},
  pages={5790--5799},
  year={2017}
}

@article{hermans2017defense,
  title={In defense of the triplet loss for person re-identification},
  author={Hermans, Alexander and Beyer, Lucas and Leibe, Bastian},
  journal={arXiv preprint arXiv:1703.07737},
  year={2017}
}

@inproceedings{Zhai2019loss,
  title={In Defense of the Classification Loss for Person Re-Identification},
  author={Yao Zhai and Xun Guo and Yan Lu and Houqiang Li},
  booktitle={CVPRW},
  year={2019}
}


@inproceedings{chen2018video,
  title={Video person re-identification with competitive snippet-similarity aggregation and co-attentive snippet embedding},
  author={Chen, Dapeng and Li, Hongsheng and Xiao, Tong and Yi, Shuai and Wang, Xiaogang},
  booktitle={CVPR},
  year={2018}
}

@inproceedings{STAttention,
  title={STA: Spatial-Temporal Attention for Large-Scale Video-based Person Re-Identification},
  author={Fu, Yang and Wang, Xiaoyang and Wei, Yunchao and Huang, Thomas},
  booktitle = {AAAI},
  year      = {2019}
}

@inproceedings{sun2018beyond,
  title={Beyond part models: Person retrieval with refined part pooling (and a strong convolutional baseline)},
  author={Sun, Yifan and Zheng, Liang and Yang, Yi and Tian, Qi and Wang, Shengjin},
  booktitle={ECCV},
  year={2018}
}

@inproceedings{saquib2018pose,
  title={A pose-sensitive embedding for person re-identification with expanded cross neighborhood re-ranking},
  author={Saquib Sarfraz, M and Schumann, Arne and Eberle, Andreas and Stiefelhagen, Rainer},
  booktitle={Proceedings of the IEEE Conference on Computer Vision and Pattern Recognition},
  pages={420--429},
  year={2018}
}

@inproceedings{Zhong2017reranking,
  title={Re-ranking Person Re-identification with k-Reciprocal Encoding},
  author={Zhong, Zhun and Zheng, Liang and Li, Shaozi},
  booktitle={CVPR},
  year={2017}
}

@inproceedings{chen2019abd,
  title={ABD-Net: Attentive but Diverse Person Re-Identification},
  author={Tianlong Chen and Shaojin Ding and Jingyi Xie and Ye Yuan and Wuyang Chen and Yang Yang and Zhou Ren and Zhangyang Wang},
  booktitle={ICCV},
  year={2019}
}

@inproceedings{zhou2019osnet,
  title={Omni-Scale Feature Learning for Person Re-Identification},
  author={Kaiyang Zhou and Yongxin Yang and Andrea Cavallaro and Tao Xiang},
  booktitle={ICCV},
  year={2019}
}

@inproceedings{zheng2019dgnet,
  title={Joint Discriminative and Generative Learning for Person Re-identification},
  author={Zhedong Zheng and Xiaodong Yang and Zhiding Yu and Liang Zheng and Yi Yang and Jan Kautz},
  booktitle={CVPR},
  year={2019}
}

@inproceedings{zhang2019dsa,
  title={Densely Semantically Aligned Person Re-Identification},
  author={Zhizheng Zhang and Cuiling Lan and Wenjun Zeng and Zhibo Chen},
  booktitle={CVPR},
  year={2019}
}

# =============================== semi-supervised re-id =================================
@inproceedings{zhu2019intra,
  title={Intra-Camera Supervised Person Re-Identification: A New Benchmark},
  author={Zhu, Xiangping and Zhu, Xiatian and Li, Minxian and Murino, Vittorio and Gong, Shaogang},
  booktitle={ICCVW},
  year={2019}
}

@article{qi2019progressive,
  title={Progressive Cross-camera Soft-label Learning for Semi-supervised Person Re-identification},
  author={Qi, Lei and Wang, Lei and Huo, Jing and Shi, Yinghuan and Gao, Yang},
  journal={IEEE TCSVT},
  year={2020}
}

@article{qi2019intra,
  title={Adversarial Camera Alignment Network for Unsupervised Cross-camera Person Re-identification},
  author={Qi, Lei and Wang, Lei and Huo, Jing and Shi, Yinghuan and Gao, Yang},
  journal={arXiv preprint arXiv:1908.00862},
  year={2019}
}

@article{wu2019progressive,
  title={Progressive learning for person re-identification with one example},
  author={Wu, Yu and Lin, Yutian and Dong, Xuanyi and Yan, Yan and Bian, Wei and Yang, Yi},
  journal={IEEE TIP},
  year={2019},
  publisher={IEEE}
}

@inproceedings{yangqi2019semi,
  title={Deep Semi-Supervised Person Re-Identification with External Memory},
  author={Yang, Qize and Ancong Wu and Wei-Shi Zheng},
  booktitle={ICME},
  year={2019},
}

@article{zhu2020intra,
  title={Intra-Camera Supervised Person Re-Identification},
  author={Xiangping Zhu and Xiatian Zhu and Minxian Li and Pietro Morerio and Vittorio Murino and Shaogang Gong},
  journal={arXiv preprint arXiv:2002.05046},
  year={2020}
}

@inproceedings{wang2021,
  title={Towards Precise Intra-camera Supervised Person Re-Identification},
  author={Menglin Wang and Baisheng Lai and Haokun Chen and Jianqiang Huang and Xiaojin Gong and Xian-Sheng Hua},
  booktitle={WACV},
  year={2021},
}

# =============================== unsupervised re-id =================================
# =========== hand-crafted ================
@INPROCEEDINGS{LOMO, 
author={S. Liao and Y. Hu and Xiangyu Zhu and S. Z. Li}, 
booktitle={CVPR}, 
title={Person re-identification by Local Maximal Occurrence representation and metric learning}, 
year={2015}, 
}

@INPROCEEDINGS{HOG, 
author={T. Matsukawa and T. Okabe and E. Suzuki and Y. Sato}, 
booktitle={2016 IEEE Conference on Computer Vision and Pattern Recognition (CVPR)}, 
title={Hierarchical Gaussian Descriptor for Person Re-identification}, 
year={2016}, 
pages={1363-1372}, 
month={June},}

@article{lisanti2015person,
  title={Person re-identification by iterative re-weighted sparse ranking},
  author={Lisanti, Giuseppe and Masi, Iacopo and Bagdanov, Andrew D and Del Bimbo, Alberto},
  journal={IEEE transactions on pattern analysis and machine intelligence},
  volume={37},
  number={8},
  pages={1629--1642},
  year={2015},
  publisher={IEEE}
}

# =========== dictionary learning ============
@inproceedings{farenzena2010person,
  title={Person re-identification by symmetry-driven accumulation of local features},
  author={Farenzena, Michela and Bazzani, Loris and Perina, Alessandro and Murino, Vittorio and Cristani, Marco},
  booktitle={2010 IEEE Computer Society Conference on Computer Vision and Pattern Recognition},
  pages={2360--2367},
  year={2010},
  organization={IEEE}
}

@inproceedings{kodirov2016person,
title={Person Re-Identification by Unsupervised $L_1$ Graph Learning},
author={Kodirov, Elyor and Xiang, Tao and Fu, Zhenyong and Gong, Shaogang},
booktitle={ECCV},
year={2016},
} 

@inproceedings{kodirov2015dictionary,
title={Dictionary learning with iterative laplacian regularisation for unsupervised person re-identification.},
author={Kodirov, Elyor and Xiang, Tao and Gong, Shaogang},
booktitle={BMVC},
volume={3},
pages={8},
year={2015}
}

# =========== Transfer learning / Domain adaptation unsupervised re-id ================
@inproceedings{peng2016unsupervised,
  title={Unsupervised cross-dataset transfer learning for person re-identification},
  author={Peng, Peixi and Xiang, Tao and Wang, Yaowei and Pontil, Massimiliano and Gong, Shaogang and Huang, Tiejun and Tian, Yonghong},
  booktitle={CVPR},
  year={2016}
}

@inproceedings{yu2017cross,
  title={Cross-view asymmetric metric learning for unsupervised person re-identification},
  author={Yu, Hong-Xing and Wu, Ancong and Zheng, Wei-Shi},
  booktitle={Proceedings of the IEEE International Conference on Computer Vision},
  pages={994--1002},
  year={2017}
}

@article{unsup_clustering,
  title={Unsupervised person re-identification: Clustering and fine-tuning},
  author={Fan, Hehe and Zheng, Liang and Yan, Chenggang and Yang, Yi},
  journal={ACM TOMM},
  year={2018},
  publisher={ACM}
}

@inproceedings{lv2018unsupervised,
  title={Unsupervised Cross-dataset Person Re-identification by Transfer Learning of Spatial-Temporal Patterns},
  author={Lv, Jianming and Chen, Weihang and Li, Qing and Yang, Can},
  booktitle={Proceedings of the IEEE Conference on Computer Vision and Pattern Recognition},
  pages={7948--7956},
  year={2018}
}

@inproceedings{deng2018similarity,
  title={Image-image domain adaptation with preserved self-similarity and domain-dissimilarity for person reidentification},
  author={Deng, Weijian and Zheng, Liang and Ye, Qixiang and Yang, Yi and Jiao, Jianbin},
  booktitle={CVPR},
  year={2018}
}

@inproceedings{wang2018transferable,
  title={Transferable joint attribute-identity deep learning for unsupervised person re-identification},
  author={Wang, Jingya and Zhu, Xiatian and Gong, Shaogang and Li, Wei},
  booktitle={Proceedings of the IEEE Conference on Computer Vision and Pattern Recognition},
  pages={2275--2284},
  year={2018}
}

@inproceedings{wei2018person,
  title={Person transfer gan to bridge domain gap for person re-identification},
  author={Wei, Longhui and Zhang, Shiliang and Gao, Wen and Tian, Qi},
  booktitle={CVPR},
  year={2018}
}

@inproceedings{zhong2018generalizing,
  title={Generalizing a person retrieval model hetero-and homogeneously},
  author={Zhong, Zhun and Zheng, Liang and Li, Shaozi and Yang, Yi},
  booktitle={Proceedings of the European Conference on Computer Vision (ECCV)},
  pages={172--188},
  year={2018}
}

@inproceedings{zhong2019invariance,
  title={Invariance matters: Exemplar memory for domain adaptive person re-identification},
  author={Zhong, Zhun and Zheng, Liang and Luo, Zhiming and Li, Shaozi and Yang, Yi},
  booktitle={CVPR},
  year={2019}
}

@article{ding2019adaptive,
  title={Adaptive exploration for unsupervised person re-identification},
  author={Ding, Yuhang and Fan, Hehe and Xu, Mingliang and Yang, Yi},
  journal={arXiv preprint arXiv:1907.04194},
  year={2019}
}

@inproceedings{yu2019unsupervised,
  title={Unsupervised Person Re-identification by Soft Multilabel Learning},
  author={Yu, Hong-Xing and Zheng, Wei-Shi and Wu, Ancong and Guo, Xiaowei and Gong, Shaogang and Lai, Jian-Huang},
  booktitle={Proceedings of the IEEE Conference on Computer Vision and Pattern Recognition},
  pages={2148--2157},
  year={2019}
}

@inproceedings{tang2019unsupervised,
  title={Unsupervised Person Re-Identification With Iterative Self-Supervised Domain Adaptation},
  author={Tang, Haotian and Zhao, Yiru and Lu, Hongtao},
  booktitle={Proceedings of the IEEE Conference on Computer Vision and Pattern Recognition Workshops},
  pages={0--0},
  year={2019}
}

@inproceedings{wu2019distilled,
  title={Distilled Person Re-identification: Towards a More Scalable System},
  author={Wu, Ancong and Zheng, Wei-Shi and Guo, Xiaowei and Lai, Jian-Huang},
  booktitle={Proceedings of the IEEE Conference on Computer Vision and Pattern Recognition},
  pages={1187--1196},
  year={2019}
}

@inproceedings{fu2019self,
  title={Self-Similarity Grouping: A Simple Unsupervised Cross Domain Adaptation Approach for Person Re-Identification},
  author={Fu, Yang and Wei, Yunchao and Wang, Guanshuo and Zhou, Yuqian and Shi, Honghui and Huang, Thomas S},
  booktitle={ICCV},
  year={2019}
}

@inproceedings{zhang2019self,
  title={Self-training with progressive augmentation for unsupervised cross-domain person re-identification},
  author={Zhang, Xinyu and Cao, Jiewei and Shen, Chunhua and You, Mingyu},
  booktitle={ICCV},
  year={2019}
}

@inproceedings{qi2019DA,
  title={A Novel Unsupervised Camera-aware Domain Adaptation Framework for Person Re-identification},
  author={Lei Qi and Lei Wang and Jing Huo and Luping Zhou and Yinghuan Shi and Yang Gao},
  booktitle={ICCV},
  year={2019}
}

@inproceedings{yang2020asymmetric,
  title={Asymmetric Co-Teaching for Unsupervised Cross-Domain Person Re-Identification.},
  author={Yang, Fengxiang and Li, Ke and Zhong, Zhun and Luo, Zhiming and Sun, Xing and Cheng, Hao and Guo, Xiaowei and Huang, Feiyue and Ji, Rongrong and Li, Shaozi},
  booktitle={AAAI},
  year={2020}
}

@inproceedings{zhai2020ad,
  title={Ad-cluster: Augmented discriminative clustering for domain adaptive person re-identification},
  author={Zhai, Yunpeng and Lu, Shijian and Ye, Qixiang and Shan, Xuebo and Chen, Jie and Ji, Rongrong and Tian, Yonghong},
  booktitle={CVPR},
  year={2020}
}

@inproceedings{Wu2019CA,
  title={Unsupervised person re-identification by camera-aware similarity consistency learning},
  author={Ancong Wu and Wei-Shi Zheng and Jian-Huang Lai},
  booktitle={ICCV},
  year={2019}
}

@inproceedings{luogeneralizing,
  title={Generalizing Person Re-Identification by Camera-Aware Invariance Learning and Cross-Domain Mixup},
  author={Luo, Chuanchen and Song, Chunfeng and Zhang, Zhaoxiang},
  booktitle={ECCV},
  year={2020}
}

@inproceedings{ge2020mutual,
  title={Mutual mean-teaching: Pseudo label refinery for unsupervised domain adaptation on person re-identification},
  author={Ge, Yixiao and Chen, Dapeng and Li, Hongsheng},
  booktitle={ICLR},
  year={2020}
}

@inproceedings{ge2020self,
  title={Self-paced Contrastive Learning with Hybrid Memory for Domain Adaptive Object Re-ID},
  author={Ge, Yixiao and Chen, Dapeng and Zhu, Feng and Zhao, Rui and Li, Hongsheng},
  booktitle={NeurIPS},
  year={2020}
}

@article{ge2020structured,
  title={Structured domain adaptation for unsupervised person re-identification},
  author={Ge, Yixiao and Zhu, Feng and Zhao, Rui and Li, Hongsheng},
  journal={arXiv preprint arXiv:2003.0665},
  year={2020}
}
@inproceedings{zhai2020multiple,
  title={Multiple expert brainstorming for domain adaptive person re-identification},
  author={Zhai, Yunpeng and Ye, Qixiang and Lu, Shijian and Jia, Mengxi and Ji, Rongrong and Tian, Yonghong},
  booktitle={ECCV},
  year={2020}
}

@inproceedings{Wang_2020_CVPR,
  title = {Smoothing Adversarial Domain Attack and P-Memory Reconsolidation for Cross-Domain Person Re-Identification},
  author = {Wang, Guangcong and Lai, Jian-Huang and Liang, Wenqi and Wang, Guangrun},
  booktitle = {CVPR},
  year = {2020}
}
# ======== Purely unsupervised re-id =============

@inproceedings{li2018unsupervised,
  title={Unsupervised person re-identification by deep learning tracklet association},
  author={Li, Minxian and Zhu, Xiatian and Gong, Shaogang},
  booktitle={ECCV},
  year={2018}
}

@inproceedings{chen2018deepa,
  title={Deep association learning for unsupervised video person re-identification},
  author={Chen, Yanbei and Zhu, Xiatian and Gong, Shaogang},
  booktitle={BMVC},
  year={2018}
}

@inproceedings{lin2019aBottom,
  title     = {A Bottom-Up Clustering Approach to Unsupervised Person Re-identification},
  author    = {Lin, Yutian and Dong, Xuanyi and Zheng, Liang and Yan, Yan and Yang, Yi},
  booktitle = {AAAI},
  year      = {2019}
}

@article{li2019unsupervised,
  title={Unsupervised Tracklet Person Re-Identification},
  author={Li, Minxian and Zhu, Xiatian and Gong, Shaogang},
  journal={IEEE transactions on pattern analysis and machine intelligence},
  year={2019},
  publisher={IEEE}
}

@inproceedings{yang2019patch,
  title={Patch-Based Discriminative Feature Learning for Unsupervised Person Re-Identification},
  author={Yang, Qize and Yu, Hong-Xing and Wu, Ancong and Zheng, Wei-Shi},
  booktitle={CVPR},
  year={2019}
}
@inproceedings{wu2020tracklet,
  title={Tracklet Self-Supervised Learning for Unsupervised Person Re-Identification.},
  author={Wu, Guile and Zhu, Xiatian and Gong, Shaogang},
  booktitle={AAAI},
  year={2020}
}

@inproceedings{zeng2020hierarchical,
  title={Hierarchical Clustering With Hard-Batch Triplet Loss for Person Re-Identification},
  author={Zeng, Kaiwei and Ning, Munan and Wang, Yaohua and Guo, Yang},
  booktitle={CVPR},
  year={2020}
}

@inproceedings{lin2020unsupervised,
  title={Unsupervised person re-identification via softened similarity learning},
  author={Lin, Yutian and Xie, Lingxi and Wu, Yu and Yan, Chenggang and Tian, Qi},
  booktitle={CVPR},
  year={2020}
}
 
@inproceedings{yu2020weakly,
  title={Weakly supervised discriminative feature learning with state information for person identification},
  author={Yu, Hong-Xing and Zheng, Wei-Shi},
  booktitle={CVPR},
  year={2020}
}
@inproceedings{wang2020unsupervised,
  title={Unsupervised Person Re-identification via Multi-label Classification},
  author={Wang, Dongkai and Zhang, Shiliang},
  booktitle={CVPR},
  year={2020}
}
@inproceedings{wang2020cycas,
  title={CycAs: Self-supervised Cycle Association for Learning Re-identifiable Descriptions},
  author={Wang, Zhongdao and Zhang, Jingwei and Zheng, Liang and Liu, Yixuan and Sun, Yifan and Li, Yali and Wang, Shengjin},
  booktitle={ECCV},
  year={2020}
}

# ================= One-shot re-id ======================
@inproceedings{liu2017stepwise,
  title={Stepwise metric promotion for unsupervised video person re-identification},
  author={Liu, Zimo and Wang, Dong and Lu, Huchuan},
  booktitle={Computer Vision (ICCV), 2017 IEEE International Conference on},
  pages={2448--2457},
  year={2017},
  organization={IEEE}
}

@inproceedings{ye2017dynamic,
  title={Dynamic Label Graph Matching for Unsupervised Video Re-identification.},
  author={Ye, Mang and Ma, Andy Jinhua and Zheng, Liang and Li, Jiawei and Yuen, Pong C},
  booktitle={ICCV},
  year={2017}
}

@InProceedings{Ye_2018_ECCV,
author = {Ye, Mang and Lan, Xiangyuan and Yuen, Pong C.},
title = {Robust Anchor Embedding for Unsupervised Video Person Re-Identification in the Wild},
booktitle = {ECCV},
year = {2018}
}

@article{ye2019dynamic,
  title={Dynamic Graph Co-Matching for Unsupervised Video-based Person Re-Identification},
  author={Ye, Mang and Li, Jiawei and Ma, Andy J and Zheng, Liang and Yuen, Pong C},
  journal={IEEE Transactions on Image Processing},
  year={2019},
  publisher={IEEE}
}

@inproceedings{wu2018exploit,
  title={Exploit the unknown gradually: One-shot video-based person re-identification by stepwise learning},
  author={Wu, Yu and Lin, Yutian and Dong, Xuanyi and Yan, Yan and Ouyang, Wanli and Yang, Yi},
  booktitle={Proceedings of the IEEE Conference on Computer Vision and Pattern Recognition},
  pages={5177--5186},
  year={2018}
}

@inproceedings{wu2019graph,
  title={Unsupervised Graph Association for Person Re-identification},
  author={Jinlin Wu and Yang Yang and Hao Liu and Shengcai Liao and Zhen Lei and Stan Z. Li},
  booktitle={ICCV},
  year={2019}
}


# ========================= others ================================

@inproceedings{ester1996density,
  title={A density-based algorithm for discovering clusters in large spatial databases with noise.},
  author={Ester, Martin and Kriegel, Hans-Peter and Sander, J{\"o}rg and Xu, Xiaowei and others},
  booktitle={Kdd},
  year={1996}
}

@article{paszke2017automatic,
  title={Automatic differentiation in pytorch},
  author={Paszke, Adam and Gross, Sam and Chintala, Soumith and Chanan, Gregory and Yang, Edward and DeVito, Zachary and Lin, Zeming and Desmaison, Alban and Antiga, Luca and Lerer, Adam},
  year={2017}
}

@inproceedings{krizhevsky2012imagenet,
  title={Imagenet classification with deep convolutional neural networks},
  author={Krizhevsky, Alex and Sutskever, Ilya and Hinton, Geoffrey E},
  booktitle={NIPS},
  year={2012}
}

@inproceedings{he2016deep,
  title={Deep residual learning for image recognition},
  author={He, Kaiming and Zhang, Xiangyu and Ren, Shaoqing and Sun, Jian},
  booktitle={CVPR},
  year={2016}
}

@INPROCEEDINGS{7410490, 
author={L. Zheng and L. Shen and L. Tian and S. Wang and J. Wang and Q. Tian}, 
booktitle={ICCV}, 
title={Scalable Person Re-identification: A Benchmark}, 
year={2015}
}

@inproceedings{szegedy2016rethinking,
  title={Rethinking the inception architecture for computer vision},
  author={Szegedy, Christian and Vanhoucke, Vincent and Ioffe, Sergey and Shlens, Jon and Wojna, Zbigniew},
  booktitle={Proceedings of the IEEE conference on computer vision and pattern recognition},
  pages={2818--2826},
  year={2016}
}

@inproceedings{ristani2016performance,
  title={Performance measures and a data set for multi-target, multi-camera tracking},
  author={Ristani, Ergys and Solera, Francesco and Zou, Roger and Cucchiara, Rita and Tomasi, Carlo},
  booktitle={ECCV},
  year={2016}
}

@inproceedings{zheng2017unlabeled,
  title={Unlabeled samples generated by gan improve the person re-identification baseline in vitro},
  author={Zheng, Zhedong and Zheng, Liang and Yang, Yi},
  booktitle={ICCV},
  year={2017}
}

@article{zhong2017random,
  title={Random erasing data augmentation},
  author={Zhong, Zhun and Zheng, Liang and Kang, Guoliang and Li, Shaozi and Yang, Yi},
  journal={arXiv preprint arXiv:1708.04896},
  year={2017}
}

@inproceedings{Do2019tripletloss,
  title={A Theoretically Sound Upper Bound on the Triplet Loss for Improving the Efficiency of Deep Distance Metric Learning},
  author={Thanh-Toan Do and Toan Tran and Ian Reid and Vijay Kumar and Tuan Hoang and Gustavo Carneiro},
  booktitle={CVPR},
  year={2019}
}

@inproceedings{Sun2019sample,
  title={MVP Matching: A Maximum-value Perfect Matching for Mining Hard Samples, with Application to Person Re-identification},
  author={Han Sun and Zhiyuan Chen and Shiyang Yan and Lin Xu},
  booktitle={ICCV},
  year={2019}
}


# ========================= memory bank ================================
@inproceedings{chen2017memory,
  title={Spatial Memory for Context Reasoning in Object Detection},
  author={Xinlei Chen and Abhinav Gupta},
  booktitle={ICCV},
  pages={4086--4096},
  year={2017}
}

@inproceedings{wu2018memory,
  title={Unsupervised Feature Learning via Non-Parametric Instance Discrimination},
  author={Zhirong Wu and Yuanjun Xiong and Stella X. Yu and Dahua Lin},
  booktitle={CVPR},
  year={2018}
}

@inproceedings{xiao2017memory,
  title={Joint Detection and Identification Feature Learning for Person Search},
  author={Tong Xiao and Shuang Li and Bochao Wang and Liang Lin and Xiaogang Wang},
  booktitle={CVPR},
  year={2017}
}

@article{zhong2019memory,
  title={Learning to Adapt Invariance in Memory for Person Re-identification},
  author={Zhun Zhong and Liang Zheng and Zhiming Luo and Shaozi Li and Yi Yang},
  journal={arXiv preprint arXiv:1908.00485},
  year={2019}
}

@article{he2019momentum,
  title={Momentum Contrast for Unsupervised Visual Representation Learning},
  author={Kaiming He and Haoqi Fan and Yuxin Wu and Saining Xie and Ross Girshick},
  journal={arXiv preprint arXiv:1911.05722},
  year={2019}
}

@article{Chen2020SimCLR,
  title={A Simple Framework for Contrastive Learning of Visual Representations},
  author={Ting Chen and Simon Kornblith and Mohammad Norouzi and Geoffrey Hinton},
  journal={arXiv preprint arXiv:2002.05709},
  year={2020}
}

@article{Oord2019CPC,
  title={Representation Learning with Contrastive Predictive Coding},
  author={Aaron van den Oord and Yazhe Li and Oriol Vinyals},
  journal={arXiv preprint arXiv:1807.03748},
  year={2019}
}

@article{Khosla2020SCL,
  title={Supervised Contrastive Learning},
  author={Prannay Khosla and Piotr Teterwak and Chen Wang and Aaron Sarna and Yonglong Tian and Phillip Isola and Aaron Maschinot and Ce Liu and Dilip Krishnan},
  journal={arXiv preprint arXiv:2004.11362},
  year={2020}
}

@inproceedings{chen2018memory,
  title={Semi-Supervised Deep Learning with Memory},
  author={Yanbei Chen and Xiatian Zhu and Shaogang Gong},
  booktitle={ECCV},
  year={2018}
}

@inproceedings{Song2019domain,
  title={Generalizable Person Re-identification by Domain-Invariant Mapping Network},
  author={Jifei Song and Yongxin Yang and Yi-Zhe Song and Tao Xiang and Timothy M. Hospedales},
  booktitle={CVPR},
  year={2019}
}

#========================== metric learning ========================

@inproceedings{qian2019softtriple,
  title={SoftTriple Loss: Deep Metric Learning Without Triplet Sampling},
  author={Qi Qian and Lei Shang and Baigui Sun and Juhua Hu and Hao Li and Rong Jin},
  booktitle={ICCV},
  year={2019}
}

@inproceedings{Attias2017proxy,
  title={No Fuss Distance Metric Learning using Proxies},
  author={Yair Movshovitz-Attias and Alexander Toshev and Thomas K. Leung and Sergey Ioffe and Saurabh Singh},
  booktitle={ICCV},
  year={2017}
}


@inproceedings{Rippel2016multi-center,
  title={Metric Learning with Adaptive Density Discrimination},
  author={Oren Rippel and Manohar Paluri and Piotr Dollar and Lubomir Bourdev},
  booktitle={ICLR},
  year={2016}
}

@inproceedings{Kim2020proxy,
  title={Proxy Anchor Loss for Deep Metric Learning},
  author={Sungyeon Kim and Dongwon Kim and  Minsu Cho and Suha Kwak},
  booktitle={CVPR},
  year={2020}
}

@inproceedings{Aziere2019proxy,
  title={Ensemble Deep Manifold Similarity Learning using Hard Proxies},
  author={Nicolas Aziere and Sinisa Todorovic},
  booktitle={CVPR},
  year={2019}
}

@inproceedings{Qian2018proxy,
  title={Large-scale Distance Metric Learning with Uncertainty},
  author={Qi Qian and Jiasheng Tang and Hao Li and Shenghuo Zhu and Rong Jin},
  booktitle={CVPR},
  year={2018}
}

@inproceedings{sohoni2020no,
  title={No Subclass Left Behind: Fine-Grained Robustness in Coarse-Grained Classification Problems},
  author={Sohoni, Nimit and Dunnmon, Jared and Angus, Geoffrey and Gu, Albert and R{\'e}, Christopher},
  booktitle={NeurIPS},
  year={2020}
}

#================================ GAN =============================

@inproceedings{Wei2018PTGAN,
  title={Person Transfer GAN to Bridge Domain Gap for Person Re-Identification},
  author={Longhui Wei and Shiliang Zhang and Wen Gao and Qi Tian},
  booktitle={CVPR},
  year={2018}
}

@inproceedings{Deng2018SPGAN,
  title={Image-Image Domain Adaptation with Preserved Self-Similarity and Domain-Dissimilarity for Person Re-identification},
  author={Weijian Deng and Liang Zheng and Qixiang Ye and Guoliang Kang and Yi Yang and Jianbin Jiao},
  booktitle={CVPR},
  year={2018}
}

@inproceedings{Liu2019ATNet,
  title={Adaptive Transfer Network for Cross-Domain Person Re-Identification},
  author={Jiawei Liu and Zheng-Jun Zha and Di Chen and Richang Hong and Meng Wang},
  booktitle={CVPR},
  year={2019}
}







#================================ misc =============================
@inproceedings{luo2019trick,
  title={Bag of Tricks and A Strong Baseline for Deep Person Re-identification},
  author={Hao Luo and Youzhi Gu and Xingyu Liao and Shenqi Lai and Wei Jiang},
  booktitle={CVPRW},
  year={2019}
}

@inproceedings{Sohn2016Npair,
  title={Improved Deep Metric Learning with Multi-class N-pair Loss Objective},
  author={Kihyuk Sohn},
  booktitle={NIPS},
  year={2016}
}



@inproceedings{tian2020single,
  title     = {Single Camera Training for Person Re-identification},
  author    = {Zhang, Tianyu and Xie, Lingxi and Wei, Longhui and Zhang, Yongfei and Li, Bo and Tian, Qi },
  booktitle = {AAAI},
  year      = {2020}
}

@article{vanDerMaaten2008,
  author = {van der Maaten, Laurens and Hinton, Geoffrey},
  journal = {JMLR},
  title = {Visualizing Data using {t-SNE} },
  year = {2008}
}

@article{vinh2010information,
  title={Information theoretic measures for clusterings comparison: Variants, properties, normalization and correction for chance},
  author={Vinh, Nguyen Xuan and Epps, Julien and Bailey, James},
  journal={The Journal of Machine Learning Research},
  volume={11},
  pages={2837--2854},
  year={2010},
  publisher={JMLR. org}
}

@article{Kingma2014,
  title={Adam : A method for stochastic optimization},
  author={Diederik P. Kingma and Jimmy Lei Ba},
  journal={arXiv preprint arXiv:2014},
  year={2014}
}


@book{ abelson-et-al:scheme,
  author = "Harold Abelson and Gerald~Jay Sussman and Julie Sussman",
  title = "Structure and Interpretation of Computer Programs",
  publisher = "MIT Press",
  address = "Cambridge, Massachusetts",
  year = "1985"
}

@inproceedings{ bgf:Lixto,
  author = "Robert Baumgartner and Georg Gottlob and Sergio Flesca",
  title = "Visual Information Extraction with {Lixto}",
  booktitle = "Proceedings of the 27th International Conference on Very Large Databases",
  pages = "119--128",
  publisher = "Morgan Kaufmann",
  address = "Rome, Italy",
  month = "September",
  year = "2001"
}

@article{ brachman-schmolze:kl-one,
  author = "Ronald~J. Brachman and James~G. Schmolze",
  title = "An overview of the {KL-ONE} knowledge representation system",
  journal = "Cognitive Science",
  volume = "9",
  number = "2",
  pages = "171--216",
  month = "April--June",
  year = "1985"
}

@article{ gottlob:nonmon,
  author = "Georg Gottlob",
  title = "Complexity results for nonmonotonic logics",
  journal = "Journal of Logic and Computation",
  volume = "2",
  number = "3",
  pages = "397--425",
  month = "June",
  year = "1992"
}

@article{ gls:hypertrees,
  author = "Georg Gottlob and Nicola Leone and Francesco Scarcello",
  title = "Hypertree Decompositions and Tractable Queries",
  journal = "Journal of Computer and System Sciences",
  volume = "64",
  number = "3",
  pages = "579--627",
  month = "May",
  year = "2002"
}

@article{ levesque:functional-foundations,
  author = "Hector~J. Levesque",
  title = "Foundations of a functional approach to knowledge representation",
  journal = "Artificial Intelligence",
  volume = "23",
  number = "2",
  pages = "155--212",
  month = "July",
  year = "1984"
}

@inproceedings{ levesque:belief,
  author = "Hector~J. Levesque",
  title = "A logic of implicit and explicit belief",
  booktitle = "Proceedings of the Fourth National Conference on Artificial Intelligence",
  publisher = "American Association for Artificial Intelligence",
  pages = "198--202",
  address = "Austin, Texas",
  month = "August",
  year = "1984"
}

@article{ nebel:jair-2000,
  author = "Bernhard Nebel",
  title = "On the compilability and expressive power of propositional planning formalisms",
  journal = "Journal of Artificial Intelligence Research",
  volume = "12",
  pages = "271--315",
  year = "2000"
}

 @misc{proceedings,
  author = {{IJCAI Proceedings}},
  title = {{IJCAI} Camera Ready Submission},
  howpublished = {\url{https://proceedings.ijcai.org/info}},
}
