@inproceedings{3dmodels,
 author = {Kensho Hara and
Hirokatsu Kataoka and
Yutaka Satoh},
 bibsource = {dblp computer science bibliography, https://dblp.org},
 biburl = {https://dblp.org/rec/conf/cvpr/HaraKS18.bib},
 booktitle = {2018 {IEEE} Conference on Computer Vision and Pattern Recognition,
{CVPR} 2018, Salt Lake City, UT, USA, June 18-22, 2018},
 doi = {10.1109/CVPR.2018.00685},
 pages = {6546--6555},
 publisher = {{IEEE} Computer Society},
 timestamp = {Wed, 06 Feb 2019 00:00:00 +0100},
 title = {Can Spatiotemporal 3D CNNs Retrace the History of 2D CNNs and ImageNet?},
 url = {http://openaccess.thecvf.com/content\_cvpr\_2018/html/Hara\_Can\_Spatiotemporal\_3D\_CVPR\_2018\_paper.html},
 year = {2018}
}

@inproceedings{adam,
 author = {Diederik P. Kingma and
Jimmy Ba},
 bibsource = {dblp computer science bibliography, https://dblp.org},
 biburl = {https://dblp.org/rec/journals/corr/KingmaB14.bib},
 booktitle = {3rd International Conference on Learning Representations, {ICLR} 2015,
San Diego, CA, USA, May 7-9, 2015, Conference Track Proceedings},
 editor = {Yoshua Bengio and
Yann LeCun},
 timestamp = {Thu, 25 Jul 2019 01:00:00 +0200},
 title = {Adam: {A} Method for Stochastic Optimization},
 url = {http://arxiv.org/abs/1412.6980},
 year = {2015}
}

@article{Alom,
 archiveprefix = {arXiv},
 author = {Md Zahangir Alom and M M Shaifur Rahman and Mst Shamima Nasrin and Tarek M. Taha and Vijayan K. Asari},
 eprint = {2004.03747},
 journal = {arXiv preprint arXiv:2004.03747},
 primaryclass = {eess.IV},
 title = {COVID\_{MTNet}: COVID-19 Detection with Multi-Task Deep Learning Approaches},
 year = {2020}
}

@inproceedings{amoebanet,
 author = {Esteban Real and
Alok Aggarwal and
Yanping Huang and
Quoc V. Le},
 bibsource = {dblp computer science bibliography, https://dblp.org},
 biburl = {https://dblp.org/rec/conf/aaai/RealAHL19.bib},
 booktitle = {The Thirty-Third {AAAI} Conference on Artificial Intelligence, {AAAI}
2019, The Thirty-First Innovative Applications of Artificial Intelligence
Conference, {IAAI} 2019, The Ninth {AAAI} Symposium on Educational
Advances in Artificial Intelligence, {EAAI} 2019, Honolulu, Hawaii,
USA, January 27 - February 1, 2019},
 doi = {10.1609/aaai.v33i01.33014780},
 pages = {4780--4789},
 publisher = {{AAAI} Press},
 timestamp = {Wed, 25 Sep 2019 01:00:00 +0200},
 title = {Regularized Evolution for Image Classifier Architecture Search},
 url = {https://doi.org/10.1609/aaai.v33i01.33014780},
 year = {2019}
}

@article{Ardakani2020,
 author = {Ardakani, Ali Abbasian and Kanafi, Alireza Rajabzadeh and Acharya, U Rajendra and Khadem, Nazanin and Mohammadi, Afshin},
 doi = {https://doi.org/10.1016/j.compbiomed.2020.103795},
 issn = {0010-4825},
 journal = {Computers in Biology and Medicine},
 keywords = {COVID-19,Computed tomography,Coronavirus infections,Deep learning,Lung diseases,Machine learning,Pneumonia},
 mendeley-groups = {COVID-19},
 number = {March},
 pages = {103795},
 publisher = {Elsevier Ltd},
 title = {{Application of deep learning technique to manage COVID-19 in routine clinical practice using CT images: Results of 10 convolutional neural networks}},
 url = {http://www.sciencedirect.com/science/article/pii/S0010482520301645},
 volume = {121},
 year = {2020}
}

@article{automl,
 author = {Frank Hutter and Lars Kotthoff and Joaquin Vanschoren},
 journal = {Automated Machine Learning},
 title = {Automated Machine Learning: Methods, Systems, Challenges},
 year = {2019}
}

@article{automl_survey,
 author = {Xin He and Kaiyong Zhao and Xiaowen Chu},
 doi = {https://doi.org/10.1016/j.knosys.2020.106622},
 issn = {0950-7051},
 journal = {Knowledge-Based Systems},
 pages = {106622},
 title = {AutoML: A Survey of the State-of-the-Art},
 url = {http://www.sciencedirect.com/science/article/pii/S0950705120307516},
 volume = {212},
 year = {2021}
}

@inproceedings{cam,
 author = {Bolei Zhou and
Aditya Khosla and
{\`{A}}gata Lapedriza and
Aude Oliva and
Antonio Torralba},
 bibsource = {dblp computer science bibliography, https://dblp.org},
 biburl = {https://dblp.org/rec/conf/cvpr/ZhouKLOT16.bib},
 booktitle = {2016 {IEEE} Conference on Computer Vision and Pattern Recognition,
{CVPR} 2016, Las Vegas, NV, USA, June 27-30, 2016},
 doi = {10.1109/CVPR.2016.319},
 pages = {2921--2929},
 publisher = {{IEEE} Computer Society},
 timestamp = {Wed, 12 Jul 2017 01:00:00 +0200},
 title = {Learning Deep Features for Discriminative Localization},
 url = {https://doi.org/10.1109/CVPR.2016.319},
 year = {2016}
}

@article{cell_covid,
 author = {Zhang, Kang and Liu, Xiaohong and Shen, Jun and Li, Zhihuan and Sang, Ye and Wu, Xingwang and Zha, Yunfei and Liang, Wenhua and Wang, Chengdi and Wang, Ke and others},
 journal = {Cell},
 publisher = {Elsevier},
 title = {Clinically Applicable {AI} System for Accurate Diagnosis, Quantitative Measurements, and Prognosis of COVID-19 Pneumonia Using Computed Tomography},
 year = {2020}
}

@article{chin2020stability,
 author = {Chin, Alex and Chu, Julie and Perera, Mahen and Hui, Kenrie and Yen, Hui-Ling and Chan, Michael and Peiris, Malik and Poon, Leo},
 journal = {medRxiv},
 publisher = {Cold Spring Harbor Laboratory Press},
 title = {Stability of {SARS-CoV-2} in different environmental conditions},
 year = {2020}
}

@article{cohen2020covid,
 author = {Joseph Paul Cohen and Paul Morrison and Lan Dao},
 journal = {arXiv preprint 2003.11597},
 title = {COVID-19 image data collection},
 url = {https://github.com/ieee8023/covid-chestxray-dataset},
 year = {2020}
}

@article{corr_ct_pcr,
 author = {Ai, Tao and Yang, Zhenlu and Hou, Hongyan and Zhan, Chenao and Chen, Chong and Lv, Wenzhi and Tao, Qian and Sun, Ziyong and Xia, Liming},
 journal = {Radiology},
 pages = {200642},
 publisher = {Radiological Society of North America},
 title = {Correlation of chest CT and RT-PCR Testing in Coronavirus Disease 2019 (COVID-19) in China: a Report of 1014 Cases},
 year = {2020}
}

@inproceedings{cosineannealinglr,
 author = {Ilya Loshchilov and
Frank Hutter},
 bibsource = {dblp computer science bibliography, https://dblp.org},
 biburl = {https://dblp.org/rec/conf/iclr/LoshchilovH17.bib},
 booktitle = {5th International Conference on Learning Representations, {ICLR} 2017,
Toulon, France, April 24-26, 2017, Conference Track Proceedings},
 publisher = {OpenReview.net},
 timestamp = {Thu, 25 Jul 2019 01:00:00 +0200},
 title = {{SGDR:} Stochastic Gradient Descent with Warm Restarts},
 url = {https://openreview.net/forum?id=Skq89Scxx},
 year = {2017}
}


@article{COVID-19-CT-Seg-Dataset,
 author = {Ma Jun and Ge Cheng and Wang Yixin and An Xingle and Gao Jiantao and Yu Ziqi and Zhang Minqing and Liu Xin and Deng Xueyuan and Cao Shucheng and Wei Hao and Mei Sen and Yang Xiaoyu and Nie Ziwei and Li Chen and Tian Lu and Zhu Yuntao and Zhu Qiongjie and Dong Guoqiang and He Jian},
 doi = {10.5281/zenodo.3757476},
 journal = {Zenodo},
 title = {COVID-19 CT Lung and Infection Segmentation Dataset},
 url = {https://doi.org/10.5281/zenodo.3757476},
 version = {1.0},
 year = {2020}
}

@article{COVID-19-SegBenchmark,
 author = {Ma Jun and Wang Yixin and An Xingle and Ge Cheng and Yu Ziqi and Chen Jianan and Zhu Qiongjie and Dong Guoqiang and h  e Jian and He Zhiqiang and Ni Ziwei and Yang Xiaoping},
 journal = {arXiv preprint arXiv:2004.12537},
 title = {Towards Efficient COVID-19 CT Annotation: A Benchmark for Lung and Infection Segmentation},
 year = {2020}
}

@article{covid-ctset,
 author = {Rahimzadeh, Mohammad and Attar, Abolfazl and Sakhaei, Seyed Mohammad},
 doi = {10.1101/2020.06.08.20121541},
 journal = {medRxiv},
 publisher = {Cold Spring Harbor Laboratory Press},
 title = {A Fully Automated Deep Learning-based Network For Detecting COVID-19 from a New And Large Lung CT Scan Dataset},
 url = {https://www.medrxiv.org/content/early/2020/06/12/2020.06.08.20121541},
 year = {2020}
}

@inproceedings{darts,
 author = {Hanxiao Liu and
Karen Simonyan and
Yiming Yang},
 bibsource = {dblp computer science bibliography, https://dblp.org},
 biburl = {https://dblp.org/rec/conf/iclr/LiuSY19.bib},
 booktitle = {7th International Conference on Learning Representations, {ICLR} 2019,
New Orleans, LA, USA, May 6-9, 2019},
 publisher = {OpenReview.net},
 timestamp = {Thu, 25 Jul 2019 01:00:00 +0200},
 title = {{DARTS:} Differentiable Architecture Search},
 url = {https://openreview.net/forum?id=S1eYHoC5FX},
 year = {2019}
}

@inproceedings{deng2009imagenet,
 author = {Jia Deng and
Wei Dong and
Richard Socher and
Li{-}Jia Li and
Kai Li and
Fei{-}Fei Li},
 bibsource = {dblp computer science bibliography, https://dblp.org},
 biburl = {https://dblp.org/rec/conf/cvpr/DengDSLL009.bib},
 booktitle = {2009 {IEEE} Computer Society Conference on Computer Vision and Pattern
Recognition {(CVPR} 2009), 20-25 June 2009, Miami, Florida, {USA}},
 doi = {10.1109/CVPR.2009.5206848},
 pages = {248--255},
 publisher = {{IEEE} Computer Society},
 timestamp = {Fri, 27 Mar 2020 00:00:00 +0100},
 title = {ImageNet: {A} large-scale hierarchical image database},
 url = {https://doi.org/10.1109/CVPR.2009.5206848},
 year = {2009}
}

@inproceedings{DenseNet,
 author = {Gao Huang and
Zhuang Liu and
Laurens van der Maaten and
Kilian Q. Weinberger},
 bibsource = {dblp computer science bibliography, https://dblp.org},
 biburl = {https://dblp.org/rec/conf/cvpr/HuangLMW17.bib},
 booktitle = {2017 {IEEE} Conference on Computer Vision and Pattern Recognition,
{CVPR} 2017, Honolulu, HI, USA, July 21-26, 2017},
 doi = {10.1109/CVPR.2017.243},
 pages = {2261--2269},
 publisher = {{IEEE} Computer Society},
 timestamp = {Mon, 10 Sep 2018 01:00:00 +0200},
 title = {Densely Connected Convolutional Networks},
 url = {https://doi.org/10.1109/CVPR.2017.243},
 year = {2017}
}

@article{densenet3d,
 author = {Diba, Ali and Fayyaz, Mohsen and Sharma, Vivek and Karami, Amir Hossein and Arzani, Mohammad Mahdi and Yousefzadeh, Rahman and Van Gool, Luc},
 journal = {arXiv preprint arXiv:1711.08200},
 title = {Temporal 3d convnets: New architecture and transfer learning for video classification},
 year = {2017}
}

@inproceedings{enas,
 author = {Hieu Pham and
Melody Y. Guan and
Barret Zoph and
Quoc V. Le and
Jeff Dean},
 bibsource = {dblp computer science bibliography, https://dblp.org},
 biburl = {https://dblp.org/rec/conf/icml/PhamGZLD18.bib},
 booktitle = {Proceedings of the 35th International Conference on Machine Learning,
{ICML} 2018, Stockholmsm{\"{a}}ssan, Stockholm, Sweden, July 10-15,
2018},
 editor = {Jennifer G. Dy and
Andreas Krause},
 pages = {4092--4101},
 publisher = {{PMLR}},
 series = {Proceedings of Machine Learning Research},
 timestamp = {Wed, 03 Apr 2019 01:00:00 +0200},
 title = {Efficient Neural Architecture Search via Parameter Sharing},
 url = {http://proceedings.mlr.press/v80/pham18a.html},
 volume = {80},
 year = {2018}
}

@inproceedings{evaluate_nas,
 author = {Kaicheng Yu and
Christian Sciuto and
Martin Jaggi and
Claudiu Musat and
Mathieu Salzmann},
 bibsource = {dblp computer science bibliography, https://dblp.org},
 biburl = {https://dblp.org/rec/conf/iclr/YuSJMS20.bib},
 booktitle = {8th International Conference on Learning Representations, {ICLR} 2020,
Addis Ababa, Ethiopia, April 26-30, 2020},
 publisher = {OpenReview.net},
 timestamp = {Thu, 07 May 2020 01:00:00 +0200},
 title = {Evaluating The Search Phase of Neural Architecture Search},
 url = {https://openreview.net/forum?id=H1loF2NFwr},
 year = {2020}
}

@article{Faes2019,
 author = {Faes, Livia and Wagner, Siegfried and Fu, Dun and Liu, Xiaoxuan and Korot, Edward and Ledsam, Joseph and Back, Trevor and Chopra, Reena and Pontikos, Nikolas and Kern, Christoph and Moraes, Gabriella and Schmid, Martin and Sim, Dawn and Balaskas, Konstantinos and Bachmann, Lucas and Denniston, Alastair and Keane, Pearse},
 doi = {10.1016/S2589-7500(19)30108-6},
 journal = {The Lancet Digital Health},
 pages = {e232-e242},
 title = {Automated deep learning design for medical image classification by health-care professionals with no coding experience: a feasibility study},
 volume = {1},
 year = {2019}
}

@inproceedings{fbnet,
 author = {Bichen Wu and
Xiaoliang Dai and
Peizhao Zhang and
Yanghan Wang and
Fei Sun and
Yiming Wu and
Yuandong Tian and
Peter Vajda and
Yangqing Jia and
Kurt Keutzer},
 bibsource = {dblp computer science bibliography, https://dblp.org},
 biburl = {https://dblp.org/rec/conf/cvpr/WuDZWSWTVJK19.bib},
 booktitle = {{IEEE} Conference on Computer Vision and Pattern Recognition, {CVPR}
2019, Long Beach, CA, USA, June 16-20, 2019},
 doi = {10.1109/CVPR.2019.01099},
 pages = {10734--10742},
 publisher = {Computer Vision Foundation / {IEEE}},
 timestamp = {Mon, 20 Jan 2020 00:00:00 +0100},
 title = {FBNet: Hardware-Aware Efficient ConvNet Design via Differentiable
Neural Architecture Search},
 url = {http://openaccess.thecvf.com/content\_CVPR\_2019/html/Wu\_FBNet\_Hardware-Aware\_Efficient\_ConvNet\_Design\_via\_Differentiable\_Neural\_Architecture\_Search\_CVPR\_2019\_paper.html},
 year = {2019}
}

@article{Fortunato2010,
 author = {Fortunato, S.},
 journal = {Phys. Rep.-Rev. Sec. Phys. Lett.},
 pages = {75-174},
 title = {Community detection in graphs},
 volume = {486},
 year = {2010}
}

@inproceedings{gdas,
 author = {Xuanyi Dong and
Yi Yang},
 bibsource = {dblp computer science bibliography, https://dblp.org},
 biburl = {https://dblp.org/rec/conf/cvpr/DongY19.bib},
 booktitle = {{IEEE} Conference on Computer Vision and Pattern Recognition, {CVPR}
2019, Long Beach, CA, USA, June 16-20, 2019},
 doi = {10.1109/CVPR.2019.00186},
 pages = {1761--1770},
 publisher = {Computer Vision Foundation / {IEEE}},
 timestamp = {Mon, 20 Jan 2020 00:00:00 +0100},
 title = {Searching for a Robust Neural Architecture in Four {GPU} Hours},
 url = {http://openaccess.thecvf.com/content\_CVPR\_2019/html/Dong\_Searching\_for\_a\_Robust\_Neural\_Architecture\_in\_Four\_GPU\_Hours\_CVPR\_2019\_paper.html},
 year = {2019}
}

@article{Ghoshal2020,
 archiveprefix = {arXiv},
 arxivid = {2003.10769},
 author = {Ghoshal, Biraja and Tucker, Allan},
 eprint = {2003.10769},
 journal = {arXiv preprint arXiv:2003.10769},
 mendeley-groups = {COVID-19},
 pages = {1--14},
 title = {{Estimating Uncertainty and Interpretability in Deep Learning for Coronavirus (COVID-19) Detection}},
 url = {http://arxiv.org/abs/2003.10769},
 year = {2020}
}

@inproceedings{Gumbel_Softmax,
 author = {Eric Jang and
Shixiang Gu and
Ben Poole},
 bibsource = {dblp computer science bibliography, https://dblp.org},
 biburl = {https://dblp.org/rec/conf/iclr/JangGP17.bib},
 booktitle = {5th International Conference on Learning Representations, {ICLR} 2017,
Toulon, France, April 24-26, 2017, Conference Track Proceedings},
 publisher = {OpenReview.net},
 timestamp = {Thu, 25 Jul 2019 01:00:00 +0200},
 title = {Categorical Reparameterization with Gumbel-Softmax},
 url = {https://openreview.net/forum?id=rkE3y85ee},
 year = {2017}
}

@article{He2020,
 author = {He, Xuehai and Yang, Xingyi and Zhang, Shanghang and Zhao, Jinyu and Zhang, Yichen and Xing, Eric and Xie, Pengtao},
 doi = {10.1101/2020.04.13.20063941},
 elocation-id = {2020.04.13.20063941},
 eprint = {https://www.medrxiv.org/content/early/2020/04/17/2020.04.13.20063941.full.pdf},
 journal = {medRxiv},
 publisher = {Cold Spring Harbor Laboratory Press},
 title = {Sample-Efficient Deep Learning for COVID-19 Diagnosis Based on CT Scans},
 url = {https://www.medrxiv.org/content/early/2020/04/17/2020.04.13.20063941},
 year = {2020}
}

@misc{jcs_mixup,
 archiveprefix = {arXiv},
 author = {Yu-Huan Wu and Shang-Hua Gao and Jie Mei and Jun Xu and Deng-Ping Fan and Chao-Wei Zhao and Ming-Ming Cheng},
 eprint = {2004.07054},
 primaryclass = {eess.IV},
 title = {JCS: An Explainable COVID-19 Diagnosis System by Joint Classification and Segmentation},
 year = {2020}
}

@article{li2020artificial,
 author = {Li, Lin and Qin, Lixin and Xu, Zeguo and Yin, Youbing and Wang, Xin and Kong, Bin and Bai, Junjie and Lu, Yi and Fang, Zhenghan and Song, Qi and others},
 journal = {Radiology},
 pages = {200905},
 publisher = {Radiological Society of North America},
 title = {Artificial intelligence distinguishes COVID-19 from community acquired pneumonia on chest CT},
 year = {2020}
}

@article{Litjens2017,
 archiveprefix = {arXiv},
 arxivid = {arXiv:1702.05747v2},
 author = {Litjens, Geert and Kooi, Thijs and Bejnordi, Babak Ehteshami and Setio, Arnaud Arindra Adiyoso and Ciompi, Francesco and Ghafoorian, Mohsen and van der Laak, Jeroen A.W.M. and van Ginneken, Bram and S{\'{a}}nchez, Clara I.},
 doi = {10.1016/j.media.2017.07.005},
 eprint = {arXiv:1702.05747v2},
 journal = {Medical Image Analysis},
 keywords = {Convolutional neural networks,Deep learning,Medical imaging,Survey},
 mendeley-groups = {COVID-19},
 number = {1995},
 pages = {60--88},
 pmid = {28778026},
 title = {{A survey on deep learning in medical image analysis}},
 volume = {42},
 year = {2017}
}

@inproceedings{loshchilov2016sgdr,
 author = {Ilya Loshchilov and
Frank Hutter},
 bibsource = {dblp computer science bibliography, https://dblp.org},
 biburl = {https://dblp.org/rec/conf/iclr/LoshchilovH17.bib},
 booktitle = {5th International Conference on Learning Representations, {ICLR} 2017,
Toulon, France, April 24-26, 2017, Conference Track Proceedings},
 publisher = {OpenReview.net},
 timestamp = {Thu, 25 Jul 2019 01:00:00 +0200},
 title = {{SGDR:} Stochastic Gradient Descent with Warm Restarts},
 url = {https://openreview.net/forum?id=Skq89Scxx},
 year = {2017}
}

@inproceedings{mixup,
 author = {Hongyi Zhang and
Moustapha Ciss{\'{e}} and
Yann N. Dauphin and
David Lopez{-}Paz},
 bibsource = {dblp computer science bibliography, https://dblp.org},
 biburl = {https://dblp.org/rec/conf/iclr/ZhangCDL18.bib},
 booktitle = {6th International Conference on Learning Representations, {ICLR} 2018,
Vancouver, BC, Canada, April 30 - May 3, 2018, Conference Track Proceedings},
 publisher = {OpenReview.net},
 timestamp = {Thu, 25 Jul 2019 01:00:00 +0200},
 title = {mixup: Beyond Empirical Risk Minimization},
 url = {https://openreview.net/forum?id=r1Ddp1-Rb},
 year = {2018}
}

@inproceedings{mnasnet,
 author = {Mingxing Tan and
Bo Chen and
Ruoming Pang and
Vijay Vasudevan and
Mark Sandler and
Andrew Howard and
Quoc V. Le},
 bibsource = {dblp computer science bibliography, https://dblp.org},
 biburl = {https://dblp.org/rec/conf/cvpr/TanCPVSHL19.bib},
 booktitle = {{IEEE} Conference on Computer Vision and Pattern Recognition, {CVPR}
2019, Long Beach, CA, USA, June 16-20, 2019},
 doi = {10.1109/CVPR.2019.00293},
 pages = {2820--2828},
 publisher = {Computer Vision Foundation / {IEEE}},
 timestamp = {Tue, 12 Jan 2021 00:00:00 +0100},
 title = {MnasNet: Platform-Aware Neural Architecture Search for Mobile},
 url = {http://openaccess.thecvf.com/content\_CVPR\_2019/html/Tan\_MnasNet\_Platform-Aware\_Neural\_Architecture\_Search\_for\_Mobile\_CVPR\_2019\_paper.html},
 year = {2019}
}
@article{radio-chestCT,
  title={Performance of radiologists in differentiating COVID-19 from non-COVID-19 viral pneumonia at chest CT},
  author={Bai, Harrison X and Hsieh, Ben and Xiong, Zeng and Halsey, Kasey and Choi, Ji Whae and Tran, Thi My Linh and Pan, Ian and Shi, Lin-Bo and Wang, Dong-Cui and Mei, Ji and others},
  journal={Radiology},
  volume={296},
  number={2},
  pages={E46--E54},
  year={2020},
  publisher={Radiological Society of North America}
}

@misc{mobilenet,
 archiveprefix = {arXiv},
 author = {Andrew G. Howard and Menglong Zhu and Bo Chen and Dmitry Kalenichenko and Weijun Wang and Tobias Weyand and Marco Andreetto and Hartwig Adam},
 eprint = {1704.04861},
 primaryclass = {cs.CV},
 title = {MobileNets: Efficient Convolutional Neural Networks for Mobile Vision Applications},
 year = {2017}
}

@inproceedings{mobilenetv2,
 author = {Mark Sandler and
Andrew G. Howard and
Menglong Zhu and
Andrey Zhmoginov and
Liang{-}Chieh Chen},
 bibsource = {dblp computer science bibliography, https://dblp.org},
 biburl = {https://dblp.org/rec/conf/cvpr/SandlerHZZC18.bib},
 booktitle = {2018 {IEEE} Conference on Computer Vision and Pattern Recognition,
{CVPR} 2018, Salt Lake City, UT, USA, June 18-22, 2018},
 doi = {10.1109/CVPR.2018.00474},
 pages = {4510--4520},
 publisher = {{IEEE} Computer Society},
 timestamp = {Tue, 12 Jan 2021 00:00:00 +0100},
 title = {MobileNetV2: Inverted Residuals and Linear Bottlenecks},
 url = {http://openaccess.thecvf.com/content\_cvpr\_2018/html/Sandler\_MobileNetV2\_Inverted\_Residuals\_CVPR\_2018\_paper.html},
 year = {2018}
}

@article{Mobiny2020,
 archiveprefix = {arXiv},
 arxivid = {2004.07407},
 author = {Mobiny, Aryan and Cicalese, Pietro Antonio and Zare, Samira and Yuan, Pengyu and Abavisani, Mohammadsajad and Wu, Carol C. and Ahuja, Jitesh and de Groot, Patricia M. and {Van Nguyen}, Hien},
 eprint = {2004.07407},
 file = {:C$\backslash$:/Users/shwang/Downloads/2004.07407v1.pdf:pdf},
 journal = {arXiv preprint arXiv:2004.07407},
 mendeley-groups = {COVID-19},
 title = {{Radiologist-Level COVID-19 Detection Using CT Scans with Detail-Oriented Capsule Networks}},
 url = {http://arxiv.org/abs/2004.07407},
 year = {2020}
}

@article{mosmeddata,
 author = {Morozov, Sergey and Andreychenko, Anna and Pavlov, Nikolay and Vladzymyrskyy, Anton and Ledikhova, Natalya and Gombolevskiy, Victor and Blokhin, Ivan and Gelezhe, Pavel and Gonchar, Anna and Chernina, Valeria and Babkin, Vladimir},
 doi = {10.1101/2020.05.20.20100362},
 elocation-id = {2020.05.20.20100362},
 eprint = {https://www.medrxiv.org/content/early/2020/05/22/2020.05.20.20100362.full.pdf},
 journal = {medRxiv},
 publisher = {Cold Spring Harbor Laboratory Press},
 title = {MosMedData: Chest CT Scans with COVID-19 Related Findings},
 url = {https://www.medrxiv.org/content/early/2020/05/22/2020.05.20.20100362},
 year = {2020}
}

@article{Narin2020,
 archiveprefix = {arXiv},
 arxivid = {2003.10849},
 author = {Narin, Ali and Kaya, Ceren and Pamuk, Ziynet},
 eprint = {2003.10849},
 journal = {arXiv preprint arXiv:2003.10849},
 mendeley-groups = {COVID-19},
 title = {{Automatic Detection of Coronavirus Disease (COVID-19) Using X-ray Images and Deep Convolutional Neural Networks}},
 url = {http://arxiv.org/abs/2003.10849},
 year = {2020}
}

@inproceedings{nas2016,
 author = {Barret Zoph and
Quoc V. Le},
 bibsource = {dblp computer science bibliography, https://dblp.org},
 biburl = {https://dblp.org/rec/conf/iclr/ZophL17.bib},
 booktitle = {5th International Conference on Learning Representations, {ICLR} 2017,
Toulon, France, April 24-26, 2017, Conference Track Proceedings},
 publisher = {OpenReview.net},
 timestamp = {Thu, 04 Apr 2019 01:00:00 +0200},
 title = {Neural Architecture Search with Reinforcement Learning},
 url = {https://openreview.net/forum?id=r1Ue8Hcxg},
 year = {2017}
}

@article{nas_survey,
 author = {Elsken, Thomas and Metzen, Jan Hendrik and Hutter, Frank},
 journal = {arXiv preprint arXiv:1808.05377},
 title = {Neural architecture search: A survey},
 year = {2018}
}

@inproceedings{nasnet_zoph17,
 author = {Barret Zoph and
Vijay Vasudevan and
Jonathon Shlens and
Quoc V. Le},
 bibsource = {dblp computer science bibliography, https://dblp.org},
 biburl = {https://dblp.org/rec/conf/cvpr/ZophVSL18.bib},
 booktitle = {2018 {IEEE} Conference on Computer Vision and Pattern Recognition,
{CVPR} 2018, Salt Lake City, UT, USA, June 18-22, 2018},
 doi = {10.1109/CVPR.2018.00907},
 pages = {8697--8710},
 publisher = {{IEEE} Computer Society},
 timestamp = {Wed, 06 Feb 2019 00:00:00 +0100},
 title = {Learning Transferable Architectures for Scalable Image Recognition},
 url = {http://openaccess.thecvf.com/content\_cvpr\_2018/html/Zoph\_Learning\_Transferable\_Architectures\_CVPR\_2018\_paper.html},
 year = {2018}
}

@inproceedings{nin,
 author = {Min Lin and
Qiang Chen and
Shuicheng Yan},
 bibsource = {dblp computer science bibliography, https://dblp.org},
 biburl = {https://dblp.org/rec/journals/corr/LinCY13.bib},
 booktitle = {2nd International Conference on Learning Representations, {ICLR} 2014,
Banff, AB, Canada, April 14-16, 2014, Conference Track Proceedings},
 editor = {Yoshua Bengio and
Yann LeCun},
 timestamp = {Thu, 25 Jul 2019 01:00:00 +0200},
 title = {Network In Network},
 url = {http://arxiv.org/abs/1312.4400},
 year = {2014}
}

@article{pnas_liu18,
 author = {Liu, Chenxi and Zoph, Barret and Neumann, Maxim and Shlens, Jonathon and Hua, Wei and Li, Li-Jia and Fei-Fei, Li and Yuille, Alan and Huang, Jonathan and Murphy, Kevin},
 journal = {Proceedings of the European Conference on Computer Vision (ECCV)},
 pages = {19--34},
 title = {Progressive neural architecture search},
 year = {2018}
}

@inproceedings{random_nas,
 author = {Liam Li and
Ameet Talwalkar},
 bibsource = {dblp computer science bibliography, https://dblp.org},
 biburl = {https://dblp.org/rec/conf/uai/LiT19.bib},
 booktitle = {Proceedings of the Thirty-Fifth Conference on Uncertainty in Artificial
Intelligence, {UAI} 2019, Tel Aviv, Israel, July 22-25, 2019},
 editor = {Amir Globerson and
Ricardo Silva},
 pages = {367--377},
 publisher = {{AUAI} Press},
 series = {Proceedings of Machine Learning Research},
 timestamp = {Tue, 15 Dec 2020 00:00:00 +0100},
 title = {Random Search and Reproducibility for Neural Architecture Search},
 url = {http://proceedings.mlr.press/v115/li20c.html},
 volume = {115},
 year = {2019}
}

@article{relu6,
 author = {Howard, Andrew G and Zhu, Menglong and Chen, Bo and Kalenichenko, Dmitry and Wang, Weijun and Weyand, Tobias and Andreetto, Marco and Mobilenets, H Adam},
 journal = {arXiv preprint arXiv:1704.04861},
 title = {Efficient convolutional neural networks for mobile vision applications},
 year = {2017}
}

@inproceedings{ResNet,
 author = {Kaiming He and
Xiangyu Zhang and
Shaoqing Ren and
Jian Sun},
 bibsource = {dblp computer science bibliography, https://dblp.org},
 biburl = {https://dblp.org/rec/conf/cvpr/HeZRS16.bib},
 booktitle = {2016 {IEEE} Conference on Computer Vision and Pattern Recognition,
{CVPR} 2016, Las Vegas, NV, USA, June 27-30, 2016},
 doi = {10.1109/CVPR.2016.90},
 pages = {770--778},
 publisher = {{IEEE} Computer Society},
 timestamp = {Wed, 17 Apr 2019 01:00:00 +0200},
 title = {Deep Residual Learning for Image Recognition},
 url = {https://doi.org/10.1109/CVPR.2016.90},
 year = {2016}
}

@inproceedings{ResNeXt,
 author = {Saining Xie and
Ross B. Girshick and
Piotr Doll{\'{a}}r and
Zhuowen Tu and
Kaiming He},
 bibsource = {dblp computer science bibliography, https://dblp.org},
 biburl = {https://dblp.org/rec/conf/cvpr/XieGDTH17.bib},
 booktitle = {2017 {IEEE} Conference on Computer Vision and Pattern Recognition,
{CVPR} 2017, Honolulu, HI, USA, July 21-26, 2017},
 doi = {10.1109/CVPR.2017.634},
 pages = {5987--5995},
 publisher = {{IEEE} Computer Society},
 timestamp = {Tue, 14 Nov 2017 00:00:00 +0100},
 title = {Aggregated Residual Transformations for Deep Neural Networks},
 url = {https://doi.org/10.1109/CVPR.2017.634},
 year = {2017}
}

@inproceedings{scalableNAS,
 author = {Kim, Sungwoong and Kim, Ildoo and Lim, Sungbin and Baek, Woonhyuk and Kim, Chiheon and Cho, Hyungjoo and Yoon, Boogeon and Kim, Taesup},
 booktitle = {International Conference on Medical Image Computing and Computer-Assisted Intervention},
 organization = {Springer},
 pages = {220--228},
 title = {Scalable neural architecture search for 3d medical image segmentation},
 year = {2019}
}

@article{Shi2020,
 arxivid = {2004.02731},
 author = {Shi, Feng and Wang, Jun and Shi, Jun and Wu, Ziyan and Wang, Qian and Tang, Zhenyu and He, Kelei and Shi, Yinghuan and Shen, Dinggang},
 doi = {10.1109/RBME.2020.2987975},
 eprint = {2004.02731},
 journal = {IEEE Reviews in Biomedical Engineering},
 keywords = {Artificial intelligence,Biomedical imaging,COVID-19,Computed tomography,Image segmentation,Three-dimensional displays,X-ray imaging,artificial intelligence,diagnosis,image acquisition,segmentation},
 mendeley-groups = {COVID-19},
 pages = {1--11},
 title = {{Review of Artificial Intelligence Techniques in Imaging Data Acquisition, Segmentation and Diagnosis for COVID-19}},
 year = {2020}
}

@article{Singh2020,
 author = {Singh, D and Kumar, V and Vaishali and Kaur, M},
 doi = {10.1007/s10096-020-03901-z},
 file = {:C$\backslash$:/Users/shwang/Downloads/Singh2020{\_}Article{\_}ClassificationOfCOVID-19Patien.pdf:pdf},
 issn = {0934-9723},
 journal = {European journal of clinical microbiology {\&} infectious diseases : official publication of European Society of Clinical Microbiology},
 keywords = {Chest CT Convolutional neural networks Coronavirus},
 mendeley-groups = {COVID-19},
 publisher = {European Journal of Clinical Microbiology {\&} Infectious Diseases},
 title = {{Classification of COVID-19 patients from chest CT images using multi-objective differential evolution-based convolutional neural networks}},
 year = {2020}
}

@inproceedings{videoresnet,
 author = {Du Tran and
Heng Wang and
Lorenzo Torresani and
Jamie Ray and
Yann LeCun and
Manohar Paluri},
 bibsource = {dblp computer science bibliography, https://dblp.org},
 biburl = {https://dblp.org/rec/conf/cvpr/TranWTRLP18.bib},
 booktitle = {2018 {IEEE} Conference on Computer Vision and Pattern Recognition,
{CVPR} 2018, Salt Lake City, UT, USA, June 18-22, 2018},
 doi = {10.1109/CVPR.2018.00675},
 pages = {6450--6459},
 publisher = {{IEEE} Computer Society},
 timestamp = {Wed, 06 Feb 2019 00:00:00 +0100},
 title = {A Closer Look at Spatiotemporal Convolutions for Action Recognition},
 url = {http://openaccess.thecvf.com/content\_cvpr\_2018/html/Tran\_A\_Closer\_Look\_CVPR\_2018\_paper.html},
 year = {2018}
}

@article{who_covid,
 author = {WHO},
 journal = {World Health Organization. https://www.who.int/emergencies/diseases/novel-coronavirus-2019/technical-guidance/naming-the-coronavirus-disease-(covid-2019)-and-the-virus-that-causes-it},
 title = {Naming the coronavirus disease (COVID-19) and the virus that causes it},
 year = {2020}
}

@article{who_qa_covid,
 author = {World Health Organization},
 journal = {World Health Organization},
 title = {Q\&a on Coronaviruses (COVID-19)},
 year = {2020}
}

@article{who_report,
 author = {WHO},
 journal = {World Health Organization},
 title = {COVID-19 Situation Report - 132},
 url = {https://www.who.int/docs/default-source/coronaviruse/situation-reports/20200531-covid-19-sitrep-132.pdf},
 year = {2020}
}

@article{who_wou,
 author = {WHO},
 journal = {World Health Organization},
 title = {Weekly Operational Update on COVID-19 on 4 September 2020},
 url = {https://www.who.int/docs/default-source/coronaviruse/situation-reports/wou-4-september-2020-approved.pdf},
 year = {2020}
}

@article{Zhang2020,
 arxivid = {2003.12338},
 author = {Zhang, Jianpeng and Xie, Yutong and Li, Yi and Shen, Chunhua and Xia, Yong},
 eprint = {2003.12338},
 journal = {arXiv preprint arXiv:2003.12338},
 mendeley-groups = {COVID-19},
 title = {{COVID-19 Screening on Chest X-ray Images Using Deep Learning based Anomaly Detection}},
 url = {http://arxiv.org/abs/2003.12338},
 year = {2020}
}

@misc{zhao2020covidctdataset,
 archiveprefix = {arXiv},
 author = {Jinyu Zhao and Xuehai He and Xingyi Yang and Yichen Zhang and Shanghang Zhang and Pengtao Xie},
 eprint = {2003.13865},
 primaryclass = {cs.LG},
 title = {COVID-CT-Dataset: A CT Scan Dataset about COVID-19},
 year = {2020}
}

@article{Zheng2020,
 author = {Chuansheng Zheng and Xian-bo Deng and Q. Fu and Qiang Zhou and Jiapei Feng and H. Ma and Wenyu Liu and Xinggang Wang},
 journal = {medRxiv},
 title = {Deep Learning-based Detection for COVID-19 from Chest CT using Weak Label},
 year = {2020}
}

