
@article{gershman2015novelty,
  title={Novelty and inductive generalization in human reinforcement learning},
  author={Gershman, Samuel J and Niv, Yael},
  journal={Topics in cognitive science},
  volume={7},
  number={3},
  pages={391--415},
  year={2015},
  publisher={Wiley Online Library}
}


@inproceedings{langley2020open,
  title={Open-World Learning for Radically Autonomous Agents},
  author={Langley, Pat},
  booktitle={AAAI},
  pages={13539--13543},
  year={2020},
  organization={JSTOR}
}

@inproceedings{boult2019learning,
  title={Learning and the unknown: Surveying steps toward open world recognition},
  author={Boult, Terrance E and Cruz, Steve and Dhamija, Akshay Raj and Gunther, M and Henrydoss, James and Scheirer, Walter J},
  booktitle={ AAAI Conf. on Artificial Intelligence},
  volume={33},
  pages={9801--9807},
  year={2019}
}

@article{openset-pami13,
  title={Toward open set recognition},
  author={Scheirer, Walter J and de Rezende Rocha, Anderson and Sapkota, Archana and Boult, Terrance E},
  journal={IEEE TPAMI},
  volume={35},
  number={7},
  pages={1757--1772},
  year={2013},
  publisher={IEEE}
}



@InProceedings{openworld_2015,
author = {Bendale, Abhijit and Boult, Terrance E.},
title = {Towards Open World Recognition},
booktitle = {IEEE CVPR},
month = {June},
pages={1893--1902},
year = {2015}
}

@InProceedings{novety-jenawacv15,
title={Local Novelty Detection in Multi-class Recognition Problems},
author={Bodesheim, Paul and Freytag, Alexender and Rodner, Erik and Denzler, Joachim},
booktitle={IEEE Winter Conf. on Applications of Computer Vision},
year={2015},
organization={IEEE}
}



@article{mensink2013distance,
  title={Distance-based image classification: Generalizing to new classes at near-zero cost},
  author={Mensink, Thomas and Verbeek, Jakob and Perronnin, Florent and Csurka, Gabriela},
  journal={IEEE TPAMI},
  volume={35},
  number={11},
  pages={2624--2637},
  year={2013},
  publisher={IEEE}
}

@article{scheirer2014good,
  title={Good recognition is non-metric},
  author={Scheirer, Walter J and Wilber, Michael J and Eckmann, Michael and Boult, Terrance E},
  journal={Pattern Recognition},
  volume={47},
  number={8},
  pages={2721--2731},
  year={2014},
  publisher={Elsevier}
}

@article{tversky1977features,
  title={Features of similarity.},
  author={Tversky, Amos},
  journal={Psychological review},
  volume={84},
  number={4},
  pages={327},
  year={1977},
  publisher={American Psychological Association}
}

@article{pimentel2014review,
  title={A review of novelty detection},
  author={Pimentel, Marco AF and Clifton, David A and Clifton, Lei and Tarassenko, Lionel},
  journal={Signal Processing},
  volume={99},
  pages={215--249},
  year={2014},
  publisher={Elsevier}
}

@article{markou2003novelty,
  title={Novelty detection: a review part 1: statistical approaches},
  author={Markou, Markos and Singh, Sameer},
  journal={Signal processing},
  volume={83},
  number={12},
  pages={2481--2497},
  year={2003},
  publisher={Elsevier}
}

@article{markou2003novelty2,
  title={Novelty detection: a review part 2: neural network based approaches},
  author={Markou, Markos and Singh, Sameer},
  journal={Signal processing},
  volume={83},
  number={12},
  pages={2499--2521},
  year={2003},
  publisher={Elsevier}
}

@article{chandola2009anomaly,
  title={Anomaly detection: A survey},
  author={Chandola, Varun and Banerjee, Arindam and Kumar, Vipin},
  journal={ACM computing surveys (CSUR)},
  volume={41},
  number={3},
  pages={1--58},
  year={2009},
  publisher={ACM New York, NY, USA}
}


% arXiv:??????
@article{Boult-eta-al-novelty20,
  title={A Unifying Framework for Formal Theories of Novelty:Framework, Examples and Discussion},
  author={    {T. E.} Boult and  {P. A.} Grabowicz and { D. S.} Prijatelj and  R. Stern and  L. Holder and  J. Alspector and  M. Jafarzadeh and  T. Ahmad and  {A. R.} Dhamija and C.Li and S.Cruz and  A. Shrivastava and  C. Vondrick and   {W. J.} Scheirer},           
  journal={arXiv preprint 2020},
  year={2020}
}

@article{bishop1994novelty,
  title={Novelty detection and neural network validation},
  author={Bishop, Christopher M},
  journal={IEE Proceedings-Vision, Image and Signal processing},
  volume={141},
  number={4},
  pages={217--222},
  year={1994},
  publisher={IET}
}

@inproceedings{perera2019ocgan,
  title={Ocgan: One-class novelty detection using gans with constrained latent representations},
  author={Perera, Pramuditha and Nallapati, Ramesh and Xiang, Bing},
  booktitle={ IEEE CVPR},
  pages={2898--2906},
  year={2019}
}

@inproceedings{kerner2019novelty,
  title={Novelty detection for multispectral images with application to planetary exploration},
  author={Kerner, Hannah R and Wellington, Danika F and Wagstaff, Kiri L and Bell, James F and Kwan, Chiman and Amor, Heni Ben},
  booktitle={ AAAI },
  volume={33},
  pages={9484--9491},
  year={2019}
}

@inproceedings{mohseni2020self,
  title={Self-Supervised Learning for Generalizable Out-of-Distribution Detection.},
  author={Mohseni, Sina and Pitale, Mandar and Yadawa, JBS and Wang, Zhangyang},
  booktitle={AAAI},
  pages={5216--5223},
  year={2020}
}

@inproceedings{haque2016sand,
  title={SAND: Semi-Supervised Adaptive Novel Class Detection and Classification over Data Stream.},
  author={Haque, Ahsanul and Khan, Latifur and Baron, Michael},
  booktitle={AAAI},
  volume={16},
  pages={1652--1658},
  year={2016}
}
@inproceedings{wong2002rule,
  title={Rule-based anomaly pattern detection for detecting disease outbreaks},
  author={Wong, Weng-Keen and Moore, Andrew and Cooper, Gregory and Wagner, Michael},
  booktitle={AAAI/IAAI},
  pages={217--223},
  year={2002}
}

@inproceedings{zhou2018non,
  title={Non-parametric outliers detection in multiple time series a case study: Power grid data analysis},
  author={Zhou, Yuxun and Zou, Han and Arghandeh, Reza and Gu, Weixi and Spanos, Costas J},
  booktitle={AAAI},
  year={2018}
}

@inproceedings{kamoi2020out,
  title={Out-of-Distribution Detection with Likelihoods Assigned by Deep Generative Models Using Multimodal Prior Distributions.},
  author={Kamoi, Ryo and Kobayashi, Kei},
  booktitle={SafeAI@ AAAI},
  pages={113--116},
  year={2020}
}

@inproceedings{zhu2017discover,
  title={Discover Multiple Novel Labels in Multi-Instance Multi-Label Learning.},
  author={Zhu, Yue and Ting, Kai Ming and Zhou, Zhi-Hua},
  booktitle={AAAI},
  pages={2977--2984},
  year={2017}
}

@inproceedings{zhu2020semi,
  title={Semi-Supervised Streaming Learning with Emerging New Labels.},
  author={Zhu, Yong-Nan and Li, Yu-Feng},
  booktitle={AAAI},
  pages={7015--7022},
  year={2020}
}

@inproceedings{wang2019robustness,
  title={Robustness Can Be Cheap: A Highly Efficient Approach to Discover Outliers under High Outlier Ratios},
  author={Wang, Siqi and Zhu, En and Hu, Xiping and Liu, Xinwang and Liu, Qiang and Yin, Jianping and Wang, Fei},
  booktitle={ AAAI },
  volume={33},
  pages={5313--5320},
  year={2019}
}


@inproceedings{abati2019latent,
  title={Latent space autoregression for novelty detection},
  author={Abati, Davide and Porrello, Angelo and Calderara, Simone and Cucchiara, Rita},
  booktitle={ IEEE CVPR},
  pages={481--490},
  year={2019}
}


@article{marsland2005line,
  title={On-line novelty detection for autonomous mobile robots},
  author={Marsland, Stephen and Nehmzow, Ulrich and Shapiro, Jonathan},
  journal={Robotics and Autonomous Systems},
  volume={51},
  number={2-3},
  pages={191--206},
  year={2005},
  publisher={Elsevier}
}

@inproceedings{smola2009relative,
  title={Relative novelty detection},
  author={Smola, Alex and Song, Le and Teo, Choon Hui},
  booktitle={Artificial Intelligence and Statistics},
  pages={536--543},
  year={2009}
}

@inproceedings{lee2018hierarchical,
  title={Hierarchical novelty detection for visual object recognition},
  author={Lee, Kibok and Lee, Kimin and Min, Kyle and Zhang, Yuting and Shin, Jinwoo and Lee, Honglak},
  booktitle={ IEEE CVPR},
  pages={1034--1042},
  year={2018}
}

@inproceedings{pidhorskyi2018generative,
  title={Generative probabilistic novelty detection with adversarial autoencoders},
  author={Pidhorskyi, Stanislav and Almohsen, Ranya and Doretto, Gianfranco},
  booktitle={Advances in neural information processing systems},
  pages={6822--6833},
  year={2018}
}

@inproceedings{liu2017incremental,
  title={Incremental kernel null space discriminant analysis for novelty detection},
  author={Liu, Juncheng and Lian, Zhouhui and Wang, Yi and Xiao, Jianguo},
  booktitle={ IEEE CVPR},
  pages={792--800},
  year={2017}
}


@inproceedings{roady2020stream,
  title={Stream-51: Streaming Classification and Novelty Detection From Videos},
  author={Roady, Ryne and Hayes, Tyler L and Vaidya, Hitesh and Kanan, Christopher},
  booktitle={IEEE/CVF CVPR Workshops},
  pages={228--229},
  year={2020}
}
