@article{openworld,
  title={Open-world semi-supervised learning},
  author={Cao, Kaidi and Brbic, Maria and Leskovec, Jure},
  journal={arXiv preprint arXiv:2102.03526},
  year={2021}
}

@article{PTJN,
  title={New User Intent Discovery with Robust Pseudo Label Training and Source Domain Joint-training},
  author={An, Wenbin and Tian, Feng and Chen, Ping and Zheng, Qinghua and Ding, Wei},
  journal={IEEE Intelligent Systems},
  year={2023},
  publisher={IEEE}
}

@article{bert,
  title={Bert: Pre-training of deep bidirectional transformers for language understanding},
  author={Devlin, Jacob and Chang, Ming-Wei and Lee, Kenton and Toutanova, Kristina},
  journal={arXiv preprint arXiv:1810.04805},
  year={2018}
}


@inproceedings{thu2021,
    title={Discovering New Intents with Deep Aligned Clustering},
    author={Hanlei Zhang and Hua Xu and Ting-En Lin and Rui Lyu},
    booktitle={Proceedings of the AAAI Conference on Artificial Intelligence},
    year={2021}
}


@inproceedings{deepcluster,
  title={Deep clustering for unsupervised learning of visual features},
  author={Caron, Mathilde and Bojanowski, Piotr and Joulin, Armand and Douze, Matthijs},
  booktitle={Proceedings of the European Conference on Computer Vision (ECCV)},
  pages={132--149},
  year={2018}
}

@inproceedings{thu2020,
  title={Discovering new intents via constrained deep adaptive clustering with cluster refinement},
  author={Lin, Ting-En and Xu, Hua and Zhang, Hanlei},
  booktitle={Proceedings of the AAAI Conference on Artificial Intelligence},
  volume={34},
  pages={8360--8367},
  year={2020}
}

@article{clinc,
  title={An evaluation dataset for intent classification and out-of-scope prediction},
  author={Larson, Stefan and Mahendran, Anish and Peper, Joseph J and Clarke, Christopher and Lee, Andrew and Hill, Parker and Kummerfeld, Jonathan K and Leach, Kevin and Laurenzano, Michael A and Tang, Lingjia and others},
  journal={arXiv preprint arXiv:1909.02027},
  year={2019}
}

@article{banking,
  title={Efficient intent detection with dual sentence encoders},
  author={Casanueva, Inigo and Tem{\v{c}}inas, Tadas and Gerz, Daniela and Henderson, Matthew and Vuli{\'c}, Ivan},
  journal={arXiv preprint arXiv:2003.04807},
  year={2020}
}

@inproceedings{stack,
  title={Short text clustering via convolutional neural networks},
  author={Xu, Jiaming and Wang, Peng and Tian, Guanhua and Xu, Bo and Zhao, Jun and Wang, Fangyuan and Hao, Hongwei},
  booktitle={Proceedings of the 1st Workshop on Vector Space Modeling for Natural Language Processing},
  pages={62--69},
  year={2015}
}

@inproceedings{km,
  title={Some methods for classification and analysis of multivariate observations},
  author={MacQueen, James and others},
  booktitle={Proceedings of the fifth Berkeley symposium on mathematical statistics and probability},
  volume={1},
  pages={281--297},
  year={1967},
  organization={Oakland, CA, USA}
}

@article{ag,
  title={Agglomerative clustering using the concept of mutual nearest neighbourhood},
  author={Gowda, K Chidananda and Krishna, G},
  journal={Pattern recognition},
  volume={10},
  number={2},
  pages={105--112},
  year={1978},
  publisher={Elsevier}
}

@inproceedings{dec,
  title={Unsupervised deep embedding for clustering analysis},
  author={Xie, Junyuan and Girshick, Ross and Farhadi, Ali},
  booktitle={International conference on machine learning},
  pages={478--487},
  year={2016},
  organization={PMLR}
}

@inproceedings{dcn,
  title={Towards k-means-friendly spaces: Simultaneous deep learning and clustering},
  author={Yang, Bo and Fu, Xiao and Sidiropoulos, Nicholas D and Hong, Mingyi},
  booktitle={international conference on machine learning},
  pages={3861--3870},
  year={2017},
  organization={PMLR}
}

@inproceedings{dac,
  title={Deep adaptive image clustering},
  author={Chang, Jianlong and Wang, Lingfeng and Meng, Gaofeng and Xiang, Shiming and Pan, Chunhong},
  booktitle={Proceedings of the IEEE international conference on computer vision},
  pages={5879--5887},
  year={2017}
}

@inproceedings{pck,
  title={Active semi-supervision for pairwise constrained clustering},
  author={Basu, Sugato and Banerjee, Arindam and Mooney, Raymond J},
  booktitle={Proceedings of the 2004 SIAM international conference on data mining},
  pages={333--344},
  year={2004},
  organization={SIAM}
}

@article{kcl,
  title={Learning to cluster in order to transfer across domains and tasks},
  author={Hsu, Yen-Chang and Lv, Zhaoyang and Kira, Zsolt},
  journal={arXiv preprint arXiv:1711.10125},
  year={2017}
}

@article{mcl,
  title={Multi-class classification without multi-class labels},
  author={Hsu, Yen-Chang and Lv, Zhaoyang and Schlosser, Joel and Odom, Phillip and Kira, Zsolt},
  journal={arXiv preprint arXiv:1901.00544},
  year={2019}
}

@inproceedings{dtc,
  title={Learning to discover novel visual categories via deep transfer clustering},
  author={Han, Kai and Vedaldi, Andrea and Zisserman, Andrew},
  booktitle={Proceedings of the IEEE/CVF International Conference on Computer Vision},
  pages={8401--8409},
  year={2019}
}

@article{hungarian,
  title={The Hungarian method for the assignment problem},
  author={Kuhn, Harold W},
  journal={Naval research logistics quarterly},
  volume={2},
  pages={83--97},
  year={1955},
  publisher={Wiley Online Library}
}

@article{silhouettes,
  title={Silhouettes: a graphical aid to the interpretation and validation of cluster analysis},
  author={Rousseeuw, Peter J},
  journal={Journal of computational and applied mathematics},
  volume={20},
  pages={53--65},
  year={1987},
  publisher={Elsevier}
}

@article{huggingface,
  title={HuggingFace's Transformers: State-of-the-art natural language processing},
  author={Wolf, Thomas and Debut, Lysandre and Sanh, Victor and Chaumond, Julien and Delangue, Clement and Moi, Anthony and Cistac, Pierric and Rault, Tim and Louf, R{\'e}mi and Funtowicz, Morgan and others},
  journal={arXiv preprint arXiv:1910.03771},
  year={2019}
}

@article{transfer1,
  title={A survey on transfer learning},
  author={Pan, Sinno Jialin and Yang, Qiang},
  journal={IEEE Transactions on knowledge and data engineering},
  volume={22},
  number={10},
  pages={1345--1359},
  year={2009},
  publisher={IEEE}
}

@article{transfer2,
  title={A comprehensive survey on transfer learning},
  author={Zhuang, Fuzhen and Qi, Zhiyuan and Duan, Keyu and Xi, Dongbo and Zhu, Yongchun and Zhu, Hengshu and Xiong, Hui and He, Qing},
  journal={Proceedings of the IEEE},
  volume={109},
  number={1},
  pages={43--76},
  year={2020},
  publisher={IEEE}
}

@article{mutual,
  title={Mutual mean-teaching: Pseudo label refinery for unsupervised domain adaptation on person re-identification},
  author={Ge, Yixiao and Chen, Dapeng and Li, Hongsheng},
  journal={arXiv preprint arXiv:2001.01526},
  year={2020}
}

@article{self,
  title={Self-supervised visual feature learning with deep neural networks: A survey},
  author={Jing, Longlong and Tian, Yingli},
  journal={IEEE Transactions on Pattern Analysis and Machine Intelligence},
  year={2020},
  publisher={IEEE}
}

@inproceedings{zero1,
  title={Using semantic similarity for multi-label zero-shot classification of text documents},
  author={Veeranna, Sappadla Prateek and Nam, Jinseok and Menc{\i}a, Eneldo Loza and F{\"u}rnkranz, Johannes},
  booktitle={Proceeding of European Symposium on Artificial Neural Networks, Computational Intelligence and Machine Learning. Bruges, Belgium: Elsevier},
  pages={423--428},
  year={2016}
}

@article{zero2,
  title={A survey of zero-shot learning: Settings, methods, and applications},
  author={Wang, Wei and Zheng, Vincent W and Yu, Han and Miao, Chunyan},
  journal={ACM Transactions on Intelligent Systems and Technology (TIST)},
  volume={10},
  number={2},
  pages={1--37},
  year={2019},
  publisher={ACM New York, NY, USA}
}

@article{zero3,
  title={Integrating semantic knowledge to tackle zero-shot text classification},
  author={Zhang, Jingqing and Lertvittayakumjorn, Piyawat and Guo, Yike},
  journal={arXiv preprint arXiv:1903.12626},
  year={2019}
}

@inproceedings{zero4,
  title={Zero-shot learning of intent embeddings for expansion by convolutional deep structured semantic models},
  author={Chen, Yun-Nung and Hakkani-T{\"u}r, Dilek and He, Xiaodong},
  booktitle={2016 IEEE International Conference on Acoustics, Speech and Signal Processing (ICASSP)},
  pages={6045--6049},
  year={2016},
  organization={IEEE}
}

@article{capsule1,
  title={Zero-shot user intent detection via capsule neural networks},
  author={Xia, Congying and Zhang, Chenwei and Yan, Xiaohui and Chang, Yi and Yu, Philip S},
  journal={arXiv preprint arXiv:1809.00385},
  year={2018}
}


@article{capsule2,
  title={Dynamic routing between capsules},
  author={Sabour, Sara and Frosst, Nicholas and Hinton, Geoffrey E},
  journal={arXiv preprint arXiv:1710.09829},
  year={2017}
}

@inproceedings{capsule3,
  title={Reconstructing capsule networks for zero-shot intent classification},
  author={Liu, Han and Zhang, Xiaotong and Fan, Lu and Fu, Xuandi and Li, Qimai and Wu, Xiao-Ming and Lam, Albert YS},
  booktitle={Proceedings of the 2019 Conference on Empirical Methods in Natural Language Processing and the 9th International Joint Conference on Natural Language Processing (EMNLP-IJCNLP)},
  pages={4801--4811},
  year={2019}
}

@inproceedings{gauss,
  title={Unknown intent detection using Gaussian mixture model with an application to zero-shot intent classification},
  author={Yan, Guangfeng and Fan, Lu and Li, Qimai and Liu, Han and Zhang, Xiaotong and Wu, Xiao-Ming and Lam, Albert YS},
  booktitle={Proceedings of the 58th Annual Meeting of the Association for Computational Linguistics},
  pages={1050--1060},
  year={2020}
}

@inproceedings{online,
  title={Online deep clustering for unsupervised representation learning},
  author={Zhan, Xiaohang and Xie, Jiahao and Liu, Ziwei and Ong, Yew-Soon and Loy, Chen Change},
  booktitle={Proceedings of the IEEE/CVF Conference on Computer Vision and Pattern Recognition},
  pages={6688--6697},
  year={2020}
}

@inproceedings{business,
    title = "Deep Unknown Intent Detection with Margin Loss",
    author = "Lin, Ting-En  and
      Xu, Hua",
    booktitle = "Proceedings of the 57th Annual Meeting of the Association for Computational Linguistics",
    month = jul,
    year = "2019",
    address = "Florence, Italy",
    publisher = "Association for Computational Linguistics",
    url = "https://www.aclweb.org/anthology/P19-1548",
    doi = "10.18653/v1/P19-1548",
    pages = "5491--5496",
}

@article{does,
  title={When does label smoothing help?},
  author={M{\"u}ller, Rafael and Kornblith, Simon and Hinton, Geoffrey},
  journal={arXiv preprint arXiv:1906.02629},
  year={2019}
}

@article{cuml,
  title={Machine Learning in Python: Main developments and technology trends in data science, machine learning, and artificial intelligence},
  author={Raschka, Sebastian and Patterson, Joshua and Nolet, Corey},
  journal={arXiv preprint arXiv:2002.04803},
  year={2020}
}

@inproceedings{gcd,
  title={Generalized category discovery},
  author={Vaze, Sagar and Han, Kai and Vedaldi, Andrea and Zisserman, Andrew},
  booktitle={Proceedings of the IEEE/CVF Conference on Computer Vision and Pattern Recognition},
  pages={7492--7501},
  year={2022}
}

@article{nvcd,
  title={Novel visual category discovery with dual ranking statistics and mutual knowledge distillation},
  author={Zhao, Bingchen and Han, Kai},
  journal={Advances in Neural Information Processing Systems},
  volume={34},
  pages={22982--22994},
  year={2021}
}

@article{decouple,
  title={Representation learning: A review and new perspectives},
  author={Bengio, Yoshua and Courville, Aaron and Vincent, Pascal},
  journal={IEEE transactions on pattern analysis and machine intelligence},
  volume={35},
  number={8},
  pages={1798--1828},
  year={2013},
  publisher={IEEE}
}



@inproceedings{contras,
    title = "New Intent Discovery with Pre-training and Contrastive Learning",
    author = "Zhang, Yuwei  and
      Zhang, Haode  and
      Zhan, Li-Ming  and
      Wu, Xiao-Ming  and
      Lam, Albert",
    booktitle = "Proceedings of the 60th Annual Meeting of the Association for Computational Linguistics",
    year = "2022"
}

@article{semi,
  title={Semi-Supervised Clustering with Contrastive Learning for Discovering New Intents},
  author={Wei, Feng and Chen, Zhenbo and Hao, Zhenghong and Yang, Fengxin and Wei, Hua and Han, Bing and Guo, Sheng},
  journal={arXiv preprint arXiv:2201.07604},
  year={2022}
}

@inproceedings{proto1,
  title={Semi-Supervised Object Detection via Multi-Instance Alignment With Global Class Prototypes},
  author={Li, Aoxue and Yuan, Peng and Li, Zhenguo},
  booktitle={Proceedings of the IEEE/CVF Conference on Computer Vision and Pattern Recognition},
  pages={9809--9818},
  year={2022}
}

@inproceedings{proto2,
  title={Prototypical cross-domain self-supervised learning for few-shot unsupervised domain adaptation},
  author={Yue, Xiangyu and Zheng, Zangwei and Zhang, Shanghang and Gao, Yang and Darrell, Trevor and Keutzer, Kurt and Vincentelli, Alberto Sangiovanni},
  booktitle={Proceedings of the IEEE/CVF Conference on Computer Vision and Pattern Recognition},
  pages={13834--13844},
  year={2021}
}

@inproceedings{proto3,
  title={Transferrable prototypical networks for unsupervised domain adaptation},
  author={Pan, Yingwei and Yao, Ting and Li, Yehao and Wang, Yu and Ngo, Chong-Wah and Mei, Tao},
  booktitle={Proceedings of the IEEE/CVF conference on computer vision and pattern recognition},
  pages={2239--2247},
  year={2019}
}

@article{interpretable1,
  title={This looks like that: deep learning for interpretable image recognition},
  author={Chen, Chaofan and Li, Oscar and Tao, Daniel and Barnett, Alina and Rudin, Cynthia and Su, Jonathan K},
  journal={Advances in neural information processing systems},
  volume={32},
  year={2019}
}

@inproceedings{interpretable2,
  title={Neural prototype trees for interpretable fine-grained image recognition},
  author={Nauta, Meike and van Bree, Ron and Seifert, Christin},
  booktitle={Proceedings of the IEEE/CVF Conference on Computer Vision and Pattern Recognition},
  pages={14933--14943},
  year={2021}
}

@article{mixmatch,
  title={Mixmatch: A holistic approach to semi-supervised learning},
  author={Berthelot, David and Carlini, Nicholas and Goodfellow, Ian and Papernot, Nicolas and Oliver, Avital and Raffel, Colin A},
  journal={Advances in neural information processing systems},
  volume={32},
  year={2019}
}

@article{fixmatch,
  title={Fixmatch: Simplifying semi-supervised learning with consistency and confidence},
  author={Sohn, Kihyuk and Berthelot, David and Carlini, Nicholas and Zhang, Zizhao and Zhang, Han and Raffel, Colin A and Cubuk, Ekin Dogus and Kurakin, Alexey and Li, Chun-Liang},
  journal={Advances in neural information processing systems},
  volume={33},
  pages={596--608},
  year={2020}
}

@article{flexmatch,
  title={Flexmatch: Boosting semi-supervised learning with curriculum pseudo labeling},
  author={Zhang, Bowen and Wang, Yidong and Hou, Wenxin and Wu, Hao and Wang, Jindong and Okumura, Manabu and Shinozaki, Takahiro},
  journal={Advances in Neural Information Processing Systems},
  volume={34},
  pages={18408--18419},
  year={2021}
}

@article{mixup,
  title={mixup: Beyond empirical risk minimization},
  author={Zhang, Hongyi and Cisse, Moustapha and Dauphin, Yann N and Lopez-Paz, David},
  journal={arXiv preprint arXiv:1710.09412},
  year={2017}
}

@article{pretrain,
  title={Few-shot intent detection via contrastive pre-training and fine-tuning},
  author={Zhang, Jianguo and Bui, Trung and Yoon, Seunghyun and Chen, Xiang and Liu, Zhiwei and Xia, Congying and Tran, Quan Hung and Chang, Walter and Yu, Philip},
  journal={arXiv preprint arXiv:2109.06349},
  year={2021}
}

@inproceedings{glove,
  title={Glove: Global vectors for word representation},
  author={Pennington, Jeffrey and Socher, Richard and Manning, Christopher D},
  booktitle={Proceedings of the 2014 conference on empirical methods in natural language processing (EMNLP)},
  pages={1532--1543},
  year={2014}
}

@inproceedings{selflabel,
  title={Self-Labeling Framework for Novel Category Discovery over Domains},
  author={Yu, Qing and Ikami, Daiki and Irie, Go and Aizawa, Kiyoharu},
  booktitle={Proceedings of the AAAI Conference on Artificial Intelligence},
  year={2022}
}

@article{textoir,
  title={TEXTOIR: An integrated and visualized platform for text open intent recognition},
  author={Zhang, Hanlei and Li, Xiaoteng and Xu, Hua and Zhang, Panpan and Zhao, Kang and Gao, Kai},
  journal={arXiv preprint arXiv:2110.15063},
  year={2021}
}

@article{twostage,
  title={Automatic discovery of novel intents \& domains from text utterances},
  author={Vedula, Nikhita and Gupta, Rahul and Alok, Aman and Sridhar, Mukund},
  journal={arXiv preprint arXiv:2006.01208},
  year={2020}
}

@article{proto,
  title={Prototypical networks for few-shot learning},
  author={Snell, Jake and Swersky, Kevin and Zemel, Richard},
  journal={Advances in neural information processing systems},
  volume={30},
  year={2017}
}


@inproceedings{wscl,
    title = "Fine-grained Category Discovery under Coarse-grained supervision with Hierarchical Weighted Self-contrastive Learning",
    author = "An, Wenbin  and
      Tian, Feng  and
      Chen, Ping  and
      Tang, Siliang  and
      Zheng, Qinghua  and
      Wang, QianYing",
    booktitle = "Proceedings of the 2022 Conference on Empirical Methods in Natural Language Processing",
    year = "2022",
    publisher = "Association for Computational Linguistics",
    pages = "1314--1323",
}

@article{pcl,
  title={Prototypical contrastive learning of unsupervised representations},
  author={Li, Junnan and Zhou, Pan and Xiong, Caiming and Hoi, Steven CH},
  journal={arXiv preprint arXiv:2005.04966},
  year={2020}
}

@article{relation,
  title={A relation-oriented clustering method for open relation extraction},
  author={Zhao, Jun and Gui, Tao and Zhang, Qi and Zhou, Yaqian},
  journal={arXiv preprint arXiv:2109.07205},
  year={2021}
}

@inproceedings{dpn,
  title={Generalized category discovery with decoupled prototypical network},
  author={An, Wenbin and Tian, Feng and Zheng, Qinghua and Ding, Wei and Wang, QianYing and Chen, Ping},
  booktitle={Proceedings of the AAAI Conference on Artificial Intelligence},
  volume={37},
  pages={12527--12535},
  year={2023}
}

@article{simple,
  title={A Simple Parametric Classification Baseline for Generalized Category Discovery},
  author={Wen, Xin and Zhao, Bingchen and Qi, Xiaojuan},
  journal={arXiv preprint arXiv:2211.11727},
  year={2022}
}

@incollection{forget,
  title={Catastrophic interference in connectionist networks: The sequential learning problem},
  author={McCloskey, Michael and Cohen, Neal J},
  booktitle={Psychology of learning and motivation},
  volume={24},
  pages={109--165},
  year={1989},
  publisher={Elsevier}
}

@inproceedings{ncl,
  title={Neighborhood contrastive learning for novel class discovery},
  author={Zhong, Zhun and Fini, Enrico and Roy, Subhankar and Luo, Zhiming and Ricci, Elisa and Sebe, Nicu},
  booktitle={Proceedings of the IEEE/CVF conference on computer vision and pattern recognition},
  pages={10867--10875},
  year={2021}
}

@article{mtp,
  title={New intent discovery with pre-training and contrastive learning},
  author={Zhang, Yuwei and Zhang, Haode and Zhan, Li-Ming and Wu, Xiao-Ming and Lam, Albert},
  journal={arXiv preprint arXiv:2205.12914},
  year={2022}
}

@inproceedings{tail,
  title={Transfer Knowledge from Head to Tail: Uncertainty Calibration under Long-tailed Distribution},
  author={Chen, Jiahao and Su, Bing},
  booktitle={Proceedings of the IEEE/CVF Conference on Computer Vision and Pattern Recognition},
  pages={19978--19987},
  year={2023}
}

@inproceedings{simclr,
  title={A simple framework for contrastive learning of visual representations},
  author={Chen, Ting and Kornblith, Simon and Norouzi, Mohammad and Hinton, Geoffrey},
  booktitle={International conference on machine learning},
  pages={1597--1607},
  year={2020},
  organization={PMLR}
}

@article{infonce,
  title={Representation learning with contrastive predictive coding},
  author={Oord, Aaron van den and Li, Yazhe and Vinyals, Oriol},
  journal={arXiv preprint arXiv:1807.03748},
  year={2018}
}

@article{theory,
  title={A theory of learning from different domains},
  author={Ben-David, Shai and Blitzer, John and Crammer, Koby and Kulesza, Alex and Pereira, Fernando and Vaughan, Jennifer Wortman},
  journal={Machine learning},
  volume={79},
  pages={151--175},
  year={2010},
  publisher={Springer}
}

@inproceedings{hscore,
  title={Ovanet: One-vs-all network for universal domain adaptation},
  author={Saito, Kuniaki and Saenko, Kate},
  booktitle={Proceedings of the ieee/cvf international conference on computer vision},
  pages={9000--9009},
  year={2021}
}

@article{simcse,
  title={Simcse: Simple contrastive learning of sentence embeddings},
  author={Gao, Tianyu and Yao, Xingcheng and Chen, Danqi},
  journal={arXiv preprint arXiv:2104.08821},
  year={2021}
}

@article{hogan2023open,
  title={Open-world Semi-supervised Generalized Relation Discovery Aligned in a Real-world Setting},
  author={Hogan, William and Li, Jiacheng and Shang, Jingbo},
  journal={arXiv preprint arXiv:2305.13533},
  year={2023}
}

@inproceedings{diffusion,
  title={A Diffusion Weighted Graph Framework for New Intent Discovery},
  author={Shi, Wenkai and An, Wenbin and Tian, Feng and Zheng, Qinghua and Wang, Qianying and Chen, Ping},
  booktitle={Proceedings of the 2023 Conference on Empirical Methods in Natural Language Processing},
  pages={8033--8042},
  year={2023}
}

@inproceedings{fcdc,
  title={Fine-grained Category Discovery under Coarse-grained supervision with Hierarchical Weighted Self-contrastive Learning},
  author={An, Wenbin and Tian, Feng and Chen, Ping and Tang, Siliang and Zheng, Qinghua and Wang, Qianying},
  booktitle={Proceedings of the 2022 Conference on Empirical Methods in Natural Language Processing},
  pages={1314--1323},
  year={2022}
}

@inproceedings{ner,
  title={Coarse-to-fine few-shot learning for named entity recognition},
  author={Ma, Ruotian and Lin, Zhang and Chen, Xuanting and Zhou, Xin and Wang, Junzhe and Gui, Tao and Zhang, Qi and Gao, Xiang and Chen, Yun Wen},
  booktitle={Findings of the Association for Computational Linguistics: ACL 2023},
  pages={4115--4129},
  year={2023}
}

@inproceedings{dna,
  title={DNA: Denoised Neighborhood Aggregation for Fine-grained Category Discovery},
  author={An, Wenbin and Tian, Feng and Shi, Wenkai and Chen, Yan and Zheng, Qinghua and Wang, Qianying and Chen, Ping},
  booktitle={Proceedings of the 2023 Conference on Empirical Methods in Natural Language Processing},
  pages={12292--12302},
  year={2023}
}