@article{somani2013despot,
  title={DESPOT: Online POMDP planning with regularization},
  author={Somani, Adhiraj and Ye, Nan and Hsu, David and Lee, Wee Sun},
  journal={Advances in neural information processing systems},
  volume={26},
  year={2013}
}
@article{silver2010monte,
  title={Monte-Carlo planning in large POMDPs},
  author={Silver, David and Veness, Joel},
  journal={Advances in neural information processing systems},
  volume={23},
  year={2010}
}
@article{ross2008online,
  title={Online planning algorithms for POMDPs},
  author={Ross, St{\'e}phane and Pineau, Joelle and Paquet, S{\'e}bastien and Chaib-Draa, Brahim},
  journal={Journal of Artificial Intelligence Research},
  volume={32},
  pages={663--704},
  year={2008}
}

@inproceedings{washington1997bi,
  title={BI-POMDP: Bounded, incremental partially-observable Markov-model planning},
  author={Washington, Richard},
  booktitle={Recent Advances in AI Planning: 4th European Conference on Planning, ECP'97 Toulouse, France, September 24--26, 1997 Proceedings 4},
  pages={440--451},
  year={1997},
  organization={Springer}
}



@article{dijkstra1959note,
  title={A note on two problems in connexion with graphs},
  author={Dijkstra, Edsger W},
  journal={Numerische mathematik},
  volume={1},
  number={1},
  pages={269--271},
  year={1959},
  publisher={Springer}
}

@article{shani2013survey,
  title={A survey of point-based POMDP solvers},
  author={Shani, Guy and Pineau, Joelle and Kaplow, Robert},
  journal={Autonomous Agents and Multi-Agent Systems},
  volume={27},
  number={1},
  pages={1--51},
  year={2013},
  publisher={Springer}
}


@phdthesis{badyal2021comparative,
  title={A Comparative Study of Multi-Agent Reinforcement Learning on Real World Problems},
  author={Badyal, Sahil},
  year={2021},
  school={Arizona State University}
}
@article{lovejoy1991computationally,
  title={Computationally feasible bounds for partially observed Markov decision processes},
  author={Lovejoy, William S},
  journal={Operations research},
  volume={39},
  number={1},
  pages={162--175},
  year={1991},
  publisher={INFORMS}
}
@article{zhou2019centralized,
  title={Centralized patrolling with weakly-coupled agents using Monte Carlo tree search},
  author={Zhou, Xin and Wang, Weiping and Zhu, Yifan and Wang, Tao and Zhang, Bo},
  journal={IEEE Access},
  volume={7},
  pages={157293--157302},
  year={2019},
  publisher={IEEE}
}
@article{chen2015multi,
  title={Multi-agent patrolling under uncertainty and threats},
  author={Chen, Shaofei and Wu, Feng and Shen, Lincheng and Chen, Jing and Ramchurn, Sarvapali D},
  journal={PloS one},
  volume={10},
  number={6},
  pages={e0130154},
  year={2015},
  publisher={Public Library of Science San Francisco, CA USA}
}
@inproceedings{pineau2003point,
  title={Point-based value iteration: An anytime algorithm for POMDPs},
  author={Pineau, Joelle and Gordon, Geoff and Thrun, Sebastian and others},
  booktitle={Ijcai},
  volume={3},
  pages={1025--1032},
  year={2003},
  organization={Citeseer}
}

@article{spaan2005perseus,
  title={Perseus: Randomized point-based value iteration for POMDPs},
  author={Spaan, Matthijs TJ and Vlassis, Nikos},
  journal={Journal of artificial intelligence research},
  volume={24},
  pages={195--220},
  year={2005}
}

@article{smith2012point,
  title={Point-based POMDP algorithms: Improved analysis and implementation},
  author={Smith, Trey and Simmons, Reid},
  journal={arXiv preprint arXiv:1207.1412},
  year={2012}
}

@inproceedings{shani2007forward,
  title={Forward Search Value Iteration for POMDPs.},
  author={Shani, Guy and Brafman, Ronen I and Shimony, Solomon Eyal},
  booktitle={IJCAI},
  pages={2619--2624},
  year={2007}
}

@inproceedings{pashenkova1996value,
  title={Value iteration and policy iteration algorithms for Markov decision problem},
  author={Pashenkova, Elena and Rish, Irina and Dechter, Rina},
  booktitle={AAAIâ€™96: Workshop on Structural Issues in Planning and Temporal Reasoning},
  year={1996},
  organization={Citeseer}
}

@article{smallwood1973optimal,
  title={The optimal control of partially observable Markov processes over a finite horizon},
  author={Smallwood, Richard D and Sondik, Edward J},
  journal={Operations research},
  volume={21},
  number={5},
  pages={1071--1088},
  year={1973},
  publisher={INFORMS}
}

@inproceedings{wagner2011m,
  title={M*: A complete multirobot path planning algorithm with performance bounds},
  author={Wagner, Glenn and Choset, Howie},
  booktitle={2011 IEEE/RSJ international conference on intelligent robots and systems},
  pages={3260--3267},
  year={2011},
  organization={IEEE}
}

@article{sharon2015conflict,
  title={Conflict-based search for optimal multi-agent pathfinding},
  author={Sharon, Guni and Stern, Roni and Felner, Ariel and Sturtevant, Nathan R},
  journal={Artificial Intelligence},
  volume={219},
  pages={40--66},
  year={2015},
  publisher={Elsevier}
}

@article{lavalle2001randomized,
  title={Randomized kinodynamic planning},
  author={LaValle, Steven M and Kuffner Jr, James J},
  journal={The international journal of robotics research},
  volume={20},
  number={5},
  pages={378--400},
  year={2001},
  publisher={SAGE Publications}
}

@inproceedings{ferguson2006replanning,
  title={Replanning with rrts},
  author={Ferguson, Dave and Kalra, Nidhi and Stentz, Anthony},
  booktitle={Proceedings 2006 IEEE International Conference on Robotics and Automation, 2006. ICRA 2006.},
  pages={1243--1248},
  year={2006},
  organization={IEEE}
}

@inproceedings{stentz1995focussed,
  title={The focussed d\^{}* algorithm for real-time replanning},
  author={Stentz, Anthony and others},
  booktitle={IJCAI},
  volume={95},
  pages={1652--1659},
  year={1995}
}

@inproceedings{gonzalez2005planning,
  title={Planning with uncertainty in position an optimal and efficient planner},
  author={Gonzalez, Juan Pablo and Stentz, Anthony},
  booktitle={IEEE/RSJ International Conference on Intelligent Robots and Systems},
  pages={2435--2442},
  year={2005}
}


@inproceedings{wagner2017path,
  title={Path planning for multiple agents under uncertainty},
  author={Wagner, Glenn and Choset, Howie},
  booktitle={Twenty-Seventh International Conference on Automated Planning and Scheduling},
  year={2017}
}


@inproceedings{melchior2007particle,
  title={Particle RRT for path planning with uncertainty},
  author={Melchior, Nik A and Simmons, Reid},
  booktitle={IEEE International Conference on Robotics and Automation},
  pages={1617--1624},
  year={2007}
}


@inproceedings{tan1993multi,
  title={Multi-agent reinforcement learning: Independent vs. cooperative agents},
  author={Tan, Ming},
  booktitle={Proceedings of the tenth international conference on machine learning},
  pages={330--337},
  year={1993}
}

@article{erdmann1987multiple,
  title={On multiple moving objects},
  author={Erdmann, Michael and Lozano-Perez, Tomas},
  journal={Algorithmica},
  volume={2},
  number={1},
  pages={477--521},
  year={1987}
}

@inproceedings{foerster2018counterfactual,
  title={Counterfactual multi-agent policy gradients},
  author={Foerster, Jakob and Farquhar, Gregory and Afouras, Triantafyllos and Nardelli, Nantas and Whiteson, Shimon},
  booktitle={Proceedings of the AAAI conference on artificial intelligence},
  volume={32},
  year={2018}
}

@inproceedings{gupta2017cooperative,
  title={Cooperative multi-agent control using deep reinforcement learning},
  author={Gupta, Jayesh K and Egorov, Maxim and Kochenderfer, Mykel},
  booktitle={International conference on autonomous agents and multiagent systems},
  pages={66--83},
  year={2017},
  organization={Springer}
}

@article{sunehag2017value,
  title={Value-decomposition networks for cooperative multi-agent learning},
  author={Sunehag, Peter and Lever, Guy and Gruslys, Audrunas and Czarnecki, Wojciech Marian and Zambaldi, Vinicius and Jaderberg, Max and Lanctot, Marc and Sonnerat, Nicolas and Leibo, Joel Z and Tuyls, Karl and others},
  journal={arXiv preprint arXiv:1706.05296},
  year={2017}
}

@inproceedings{rashid2018qmix,
  title={Qmix: Monotonic value function factorisation for deep multi-agent reinforcement learning},
  author={Rashid, Tabish and Samvelyan, Mikayel and Schroeder, Christian and Farquhar, Gregory and Foerster, Jakob and Whiteson, Shimon},
  booktitle={International Conference on Machine Learning},
  pages={4295--4304},
  year={2018},
  organization={PMLR}
}

@inproceedings{melo2009learning,
  title={Learning of coordination: Exploiting sparse interactions in multiagent systems},
  author={Melo, Francisco S and Veloso, Manuela},
  booktitle={Proceedings of The 8th International Conference on Autonomous Agents and Multiagent Systems-Volume 2},
  pages={773--780},
  year={2009},
  organization={Citeseer}
}

@article{hart1968formal,
  title={A formal basis for the heuristic determination of minimum cost paths},
  author={Hart, Peter E and Nilsson, Nils J and Raphael, Bertram},
  journal={IEEE transactions on Systems Science and Cybernetics},
  volume={4},
  number={2},
  pages={100--107},
  year={1968},
  publisher={IEEE}
}

@article{kaelbling1996reinforcement,
  title={Reinforcement learning: A survey},
  author={Kaelbling, Leslie Pack and Littman, Michael L and Moore, Andrew W},
  journal={Journal of artificial intelligence research},
  volume={4},
  pages={237--285},
  year={1996}
}

@inproceedings{davydov2021q,
  title={Q-Mixing Network for Multi-agent Pathfinding in Partially Observable Grid Environments},
  author={Davydov, Vasilii and Skrynnik, Alexey and Yakovlev, Konstantin and Panov, Aleksandr},
  booktitle={Russian Conference on Artificial Intelligence},
  pages={169--179},
  year={2021},
  organization={Springer}
}

@inproceedings{felner2017search,
  title={Search-based optimal solvers for the multi-agent pathfinding problem: Summary and challenges},
  author={Felner, Ariel and Stern, Roni and Shimony, Solomon and Boyarski, Eli and Goldenberg, Meir and Sharon, Guni and Sturtevant, Nathan and Wagner, Glenn and Surynek, Pavel},
  booktitle={International Symposium on Combinatorial Search},
  volume={8},
  year={2017}
}

@inproceedings{stern2019mapf,
  title={Multi-Agent Pathfinding: Definitions, Variants, and Benchmarks},
  author={Roni Stern and Nathan R. Sturtevant and Ariel Felner and Sven Koenig and Hang Ma and Thayne T. Walker and Jiaoyang Li and Dor Atzmon and Liron Cohen and T. K. Satish Kumar and Eli Boyarski and Roman Bartak},
  booktitle={Symposium on Combinatorial Search (SoCS)},
  year={2019},
  pages={151--158}
}

@inproceedings{levy2022anOnline,
  title={An Online Approach for Multi-Agent Path Finding Under Movement Uncertainty},
  author={Elad Levy, Guy Shani and Roni Stern},
  booktitle={Symposium on Combinatorial Search (SoCS)},
  year={2022}
}


@article{wurman2008coordinating,
  title={Coordinating hundreds of cooperative, autonomous vehicles in warehouses},
  author={Wurman, Peter R and D'Andrea, Raffaello and Mountz, Mick},
  journal={AI magazine},
  volume={29},
  number={1},
  pages={9--9},
  year={2008}
}

@inproceedings{salzman2020research,
  title={Research challenges and opportunities in multi-agent path finding and multi-agent pickup and delivery problems blue sky ideas track},
  author={Salzman, Oren and Stern, Ron Zvi},
  booktitle={International Conference on Autonomous Agents and Multiagent Systems (AAMAS)},
  pages={1711--1715},
  year={2020}
}

@inproceedings{morris2016planning,
  title={Planning, Scheduling and Monitoring for Airport Surface Operations.},
  author={Morris, Robert and Pasareanu, Corina S and Luckow, Kasper S{\o}e and Malik, Waqar and Ma, Hang and Kumar, TK Satish and Koenig, Sven},
  booktitle={AAAI Workshop: Planning for Hybrid Systems},
  year={2016}
}

@inproceedings{veloso2015cobots,
  title={CoBots: Robust Symbiotic Autonomous Mobile Service Robots},
  author={Veloso, Manuela M and Biswas, Joydeep and Coltin, Brian and Rosenthal, Stephanie},
  booktitle={International Joint Conference on Artificial Intelligence (IJCAI)},
  year={2015}
}

@inproceedings{ma2017feasibility,
  author    = {Hang Ma and
               Jingxing Yang and
               Liron Cohen and
               T. K. Satish Kumar and
               Sven Koenig},
  title     = {Feasibility Study: Moving Non-Homogeneous Teams in Congested Video
               Game Environments},
  booktitle = {Conference on Artificial Intelligence
               and Interactive Digital Entertainment (AIIDE)},
  pages     = {270--272},
  year      = {2017}
}

@INPROCEEDINGS{m-star,
  author={Wagner, Glenn and Choset, Howie},
  booktitle={IEEE/RSJ International Conference on Intelligent Robots and Systems}, 
  title={M*: A complete multirobot path planning algorithm with performance bounds}, 
  year={2011},
  volume={},
  number={},
  pages={3260-3267}}

@article{SHARON201540,
title = {Conflict-based search for optimal multi-agent pathfinding},
journal = {Artificial Intelligence},
volume = {219},
pages = {40-66},
year = {2015},
issn = {0004-3702},
doi = {https://doi.org/10.1016/j.artint.2014.11.006},
url = {https://www.sciencedirect.com/science/article/pii/S0004370214001386},
author = {Guni Sharon and Roni Stern and Ariel Felner and Nathan R. Sturtevant},
keywords = {Heuristic search, Multi-agent, Pathfinding},
abstract = {In the multi-agent pathfinding problem (MAPF) we are given a set of agents each with respective start and goal positions. The task is to find paths for all agents while avoiding collisions. Most previous work on solving this problem optimally has treated the individual agents as a single â€˜joint agentâ€™ and then applied single-agent search variants of the A* algorithm. In this paper we present the Conflict Based Search (CBS) a new optimal multi-agent pathfinding algorithm. CBS is a two-level algorithm that does not convert the problem into the single â€˜joint agentâ€™ model. At the high level, a search is performed on a Conflict Tree (CT) which is a tree based on conflicts between individual agents. Each node in the CT represents a set of constraints on the motion of the agents. At the low level, fast single-agent searches are performed to satisfy the constraints imposed by the high level CT node. In many cases this two-level formulation enables CBS to examine fewer states than A* while still maintaining optimality. We analyze CBS and show its benefits and drawbacks. Additionally we present the Meta-Agent CBS (MA-CBS) algorithm. MA-CBS is a generalization of CBS. Unlike basic CBS, MA-CBS is not restricted to single-agent searches at the low level. Instead, MA-CBS allows agents to be merged into small groups of joint agents. This mitigates some of the drawbacks of basic CBS and further improves performance. In fact, MA-CBS is a framework that can be built on top of any optimal and complete MAPF solver in order to enhance its performance. Experimental results on various problems show a speedup of up to an order of magnitude over previous approaches.}
}


@article{madani2003undecidability,
  title={On the undecidability of probabilistic planning and related stochastic optimization problems},
  author={Madani, Omid and Hanks, Steve and Condon, Anne},
  journal={Artificial Intelligence},
  volume={147},
  number={1-2},
  pages={5--34},
  year={2003}
}

@inproceedings{silver2005cooperative,
    author = {David Silver},
    title = {Cooperative Pathfinding},
    booktitle = {the AAAI Conference on Artificial Intelligence and Interactive Digital Entertainment (AIIDE)},
    pages = {117--122},
    year = {2005}
}

@inproceedings{atzmon2020probabilistic,
  title={Probabilistic robust multi-agent path finding},
  author={Atzmon, Dor and Stern, Roni and Felner, Ariel and Sturtevant, Nathan R and Koenig, Sven},
  booktitle={International Conference on Automated Planning and Scheduling},
  volume={30},
  pages={29--37},
  year={2020}
}

@article{shahar2021safe,
  title={Safe multi-agent pathfinding with time uncertainty},
  author={Shahar, Tomer and Shekhar, Shashank and Atzmon, Dor and Saffidine, Abdallah and Juba, Brendan and Stern, Roni},
  journal={Journal of Artificial Intelligence Research},
  volume={70},
  pages={923--954},
  year={2021}
}

@inproceedings{ma2017multiAgent,
    title={Multi-Agent Path Finding with Delay Probabilities},
    author={H. Ma and S. Kumar and S. Koenig},
    booktitle={{AAAI} Conference on Artificial Intelligence},
    pages={3605--3612},
    year={2017}
}

@article{atzmon2020robust,
  title={Robust multi-agent path finding and executing},
  author={Atzmon, Dor and Stern, Roni and Felner, Ariel and Wagner, Glenn and Bart{\'a}k, Roman and Zhou, Neng-Fa},
  journal={Journal of Artificial Intelligence Research},
  volume={67},
  pages={549--579},
  year={2020}
}



@inproceedings{li2022LNS,
  author    = {Jiaoyang Li and Zhe Chen and Daniel Harabor and Peter J. Stuckey and Sven Koenig},
  title     = {{MAPF-LNS2}: Fast Repairing for Multi-Agent Path Finding via Large Neighborhood Search},
  booktitle = {AAAI Conference on Artificial Intelligence},
  pages     = {10256--10265},
  year      = {2022}
}
@inproceedings{ma2019searching,
    author    = {Hang Ma and Daniel Harabor and Peter J. Stuckey and
 Jiaoyang Li and Sven Koenig},
    title     = {Searching with Consistent Prioritization for Multi-Agent Path Finding},
    booktitle = {Proceedings of the {AAAI} Conference on Artificial Intelligence (AAAI)},
    pages     = {7643--7650},
    year      = {2019}
}
@inproceedings{berg2005prioritized,
    author={Jur P. van den Berg and Mark H. Overmars},
    title={Prioritized Motion Planning for Multiple Robots},
    booktitle={Proceedings of the IEEE/RSJ International Conference on Intelligent Robots and Systems (IROS)},
    pages={430--435},
    year={2005}
}

@inproceedings{boutilier1996planning,
  title={Planning, learning and coordination in multiagent decision processes},
  author={Boutilier, Craig},
  booktitle={TARK},
  volume={96},
  pages={195--210},
  year={1996}
}


@article{madridano2021trajectory,
title = {Trajectory planning for multi-robot systems: Methods and applications},
journal = {Expert Systems with Applications},
volume = {173},
year = {2021}
}

@inproceedings{bennewitz2001optimizing, 
author={Bennewitz, M. and Burgard, W. and Thrun, S.},  
booktitle={IEEE International Conference on Robotics and Automation (ICRA)},   
title={Optimizing schedules for prioritized path planning of multi-robot systems},  
year={2001},  volume={1},  pages={271-276}
}

@article{de2021constrained,
  title={Constrained multiagent Markov decision processes: A taxonomy of problems and algorithms},
  author={De Nijs, Frits and Walraven, Erwin and De Weerdt, Mathijs and Spaan, Matthijs},
  journal={Journal of Artificial Intelligence Research},
  volume={70},
  pages={955--1001},
  year={2021}
}



@inproceedings{vsvancara2019online,
  title={Online multi-agent pathfinding},
  author={{\v{S}}vancara, Ji{\v{r}}{\'\i} and Vlk, Marek and Stern, Roni and Atzmon, Dor and Bart{\'a}k, Roman},
  booktitle={Proceedings of the AAAI conference on artificial intelligence},
  volume={33},
  number={01},
  pages={7732--7739},
  year={2019}
}


% Modeling and planning with macro-actions in decentralized POMDPs


@article{amato2019modeling,
  title={Modeling and planning with macro-actions in decentralized POMDPs},
  author={Amato, Christopher and Konidaris, George and Kaelbling, Leslie P and How, Jonathan P},
  journal={Journal of Artificial Intelligence Research},
  volume={64},
  pages={817--859},
  year={2019}
}

@inproceedings{amato2015scalable,
  title={Scalable planning and learning for multiagent POMDPs},
  author={Amato, Christopher and Oliehoek, Frans},
  booktitle={Proceedings of the AAAI Conference on Artificial Intelligence},
  volume={29},
  number={1},
  year={2015}
}

@inproceedings{yoon2007ff,
  title={FF-Replan: A Baseline for Probabilistic Planning.},
  author={Yoon, Sung Wook and Fern, Alan and Givan, Robert},
  booktitle={ICAPS},
  volume={7},
  pages={352--359},
  year={2007}
}
@inproceedings{bai2015intention,
  title={Intention-aware online POMDP planning for autonomous driving in a crowd},
  author={Bai, Haoyu and Cai, Shaojun and Ye, Nan and Hsu, David and Lee, Wee Sun},
  booktitle={2015 ieee international conference on robotics and automation (icra)},
  pages={454--460},
  year={2015},
  organization={IEEE}
}
@inproceedings{sim2008symbolic,
  title={Symbolic Heuristic Search Value Iteration for Factored POMDPs.},
  author={Sim, Hyeong Seop and Kim, Kee-Eung and Kim, Jin Hyung and Chang, Du-Seong and Koo, Myoung-Wan},
  booktitle={AAAI},
  pages={1088--1093},
  year={2008}
}
@inproceedings{shani2008efficient,
  title={Efficient ADD Operations for Point-Based Algorithms.},
  author={Shani, Guy and Poupart, Pascal and Brafman, Ronen I and Shimony, Solomon Eyal},
  booktitle={ICAPS},
  pages={330--337},
  year={2008}
}
@inproceedings{veiga2014point,
  title={Point-based POMDP solving with factored value function approximation},
  author={Veiga, Tiago and Spaan, Matthijs and Lima, Pedro},
  booktitle={Proceedings of the AAAI Conference on Artificial Intelligence},
  volume={28},
  number={1},
  year={2014}
}
@inproceedings{kurniawati2016online,
  title={An online POMDP solver for uncertainty planning in dynamic environment},
  author={Kurniawati, Hanna and Yadav, Vinay},
  booktitle={Robotics Research: The 16th International Symposium ISRR},
  pages={611--629},
  year={2016},
  organization={Springer}
}
@article{walraven2019point,
  title={Point-based value iteration for finite-horizon POMDPs},
  author={Walraven, Erwin and Spaan, Matthijs TJ},
  journal={Journal of Artificial Intelligence Research},
  volume={65},
  pages={307--341},
  year={2019}
}
@article{oliehoek2017madp,
  title={The MADP Toolbox: An open source library for planning and learning in (multi-) agent systems},
  author={Oliehoek, Frans A and Spaan, Matthijs TJ and Terwijn, Bas and Robbel, Philipp and Messias, Jo{\~a}o V},
  journal={Journal of Machine Learning Research},
  volume={18},
  pages={1--5},
  year={2017}
}
@inproceedings{bai2015intention,
  title={Intention-aware online POMDP planning for autonomous driving in a crowd},
  author={Bai, Haoyu and Cai, Shaojun and Ye, Nan and Hsu, David and Lee, Wee Sun},
  booktitle={2015 ieee international conference on robotics and automation (icra)},
  pages={454--460},
  year={2015},
  organization={IEEE}
}
@article{ye2017despot,
  title={DESPOT: Online POMDP planning with regularization},
  author={Ye, Nan and Somani, Adhiraj and Hsu, David and Lee, Wee Sun},
  journal={Journal of Artificial Intelligence Research},
  volume={58},
  pages={231--266},
  year={2017}
}

@incollection{oliehoek2012decentralized,
  title={Decentralized pomdps},
  author={Oliehoek, Frans A},
  booktitle={Reinforcement Learning: State-of-the-Art},
  pages={471--503},
  year={2012},
  publisher={Springer}
}