@inproceedings{mmv,
  author    = {Jean{-}Baptiste Alayrac and
               Adri{\`{a}} Recasens and
               Rosalia Schneider and
               et al.},
  title     = {Self-Supervised MultiModal Versatile Networks},
  booktitle = {NeurIPS},
  year      = {2020}
}

@inproceedings{contrastiveL,
  author    = {Sumit Chopra and
               Raia Hadsell and
               Yann LeCun},
  title     = {Learning a Similarity Metric Discriminatively, with Application to
               Face Verification},
  booktitle = {CVPR},
  year      = {2005}
}

@inproceedings{simclr,
  author    = {Ting Chen and
               Simon Kornblith and
               Mohammad Norouzi and
               Geoffrey E. Hinton},
  title     = {A Simple Framework for Contrastive Learning of Visual Representations},
  booktitle = {ICML},
  year      = {2020}
}

@misc{twins,
  author = {Zbontar, Jure and Jing, Li and Misra, Ishan and et al.},
  title = {Barlow Twins: Self-Supervised Learning via Redundancy Reduction},
  booktitle = {arXiv Preprint},
  year = {2021}
}

@inproceedings{moco,
  author    = {Kaiming He and
               Haoqi Fan and
               Yuxin Wu and
               et al.},
  title     = {Momentum Contrast for Unsupervised Visual Representation Learning},
  booktitle = {CVPR},
  year      = {2020}
}

@inproceedings{avlnet,
  author    = {Andrew Rouditchenko and
               Angie W. Boggust and
               David Harwath and
               et al.},
  title     = {AVLnet: Learning Audio-Visual Language Representations from Instructional
               Videos},
  booktitle = {Annual Conference of the International Speech Communication Association},
  year      = {2021}
}

@inproceedings{clip,
  author    = {Alec Radford
               et al.},
  title     = {Learning Transferable Visual Models From Natural Language Supervision},
  booktitle = {ICML},
  year      = {2021}
}

@inproceedings{infonce,
  author    = {A{\"{a}}ron Oord and
               Yazhe Li and
               Oriol Vinyals and
               et al.},
  title     = {Representation Learning with Contrastive Predictive Coding},
  booktitle  = {arXiv Preprint},
  year      = {2018}
}

@inproceedings{fedvqa,
  author    = {Fenglin Liu and
               Xian Wu and
               Shen Ge and
               et al.},
  title     = {Federated Learning for Vision-and-Language Grounding Problems},
  booktitle = {AAAI},
  year      = {2020}
}

@inproceedings{muli,
  author    = {Mu Li and
               David G. Andersen and
               Jun Woo Park and
               et al.},
  title     = {Scaling Distributed Machine Learning with the Parameter Server},
  booktitle = {USENIX},
  year      = {2014}
}

@inproceedings{dml,
  author    = {Alexander J. Smola and
               Shravan M. Narayanamurthy},
  title     = {An Architecture for Parallel Topic Models},
  booktitle  = {Proc. {VLDB} Endow.},
  volume    = {3},
  number    = {1},
  pages     = {703--710},
  year      = {2010}
}
  
@InProceedings{fedavg, title = {{Communication-Efficient Learning of Deep Networks from Decentralized Data}}, author = {Brendan McMahan and Eider Moore and Daniel Ramage and et al.}, booktitle = {AISTATS}, year = {2017}}

@inproceedings{fl1,
  author    = {Peter Kairouz and
               H. Brendan McMahan and
               Brendan Avent and
               et al.
               },
  title     = {Advances and Open Problems in Federated Learning},
  booktitle  = {Found. Trends Mach. Learn.},
  volume    = {14},
  number    = {1-2},
  pages     = {1--210},
  year      = {2021}
}

@inproceedings{split,
  author = {Thapa, Chandra and Chamikara, M. A. P. and Camtepe, Seyit and Sun, Lichao},
  title = {SplitFed: When Federated Learning Meets Split Learning},
  booktitle = {AAAI},
  year = {2022}
}

@inproceedings{segmented, 
    author={Sun, Yuwei and Ochiai, Hideya and Esaki, Hiroshi},  
    title={Intrusion Detection with Segmented Federated Learning for Large-Scale Multiple LANs},  
    booktitle={IJCNN},
    year={2020}
}

@inproceedings{digithealth,
author = {Rieke Hancox and
          et al.},
title = {The future of digital health with federated learning},
year = {2020},
booktitle={npj Digital Medicine}
}

@inproceedings{sun2020sfl,
  author    = {Yuwei Sun and
               Hiroshi Esaki and
               Hideya Ochiai},
  title     = {Adaptive Intrusion Detection in the Networking of Large-Scale LANs
               With Segmented Federated Learning},
  booktitle  = {{IEEE} Open J. Commun. Soc.},
  volume    = {2},
  pages     = {102--112},
  year      = {2021}
}

@misc{swarm,
title ={Swarm Learning for decentralized and confidential clinical machine learning},
author ={Warnat, Stefanie and Schultze, Hartmut and Shastry, Lingadahalli and et al.},
year ={2021},
booktitle= {Nature 594, 265–270}
}

@inproceedings{homebot,
  author    = {Alexander H. Miller and
               Will Feng and
               Dhruv Batra and
               et al.},
  title     = {ParlAI: {A} Dialog Research Software Platform},
  booktitle = {EMNLP},
  year      = {2017}
}

@inproceedings{medVQA,
  author    = {Li{-}Ming Zhan and
               Bo Liu and
               Lu Fan and
               et al.},
  title     = {Medical Visual Question Answering via Conditional Reasoning},
  booktitle = {ACM International Conference on Multimedia},
  year      = {2020}
}

@inproceedings{attention1,
  author    = {Dzmitry Bahdanau and
               Kyunghyun Cho and
               Yoshua Bengio},
  title     = {Neural Machine Translation by Jointly Learning to Align and Translate},
  booktitle = {ICLR},
  year      = {2015}
}

@inproceedings{attention2,
  author    = {Ashish Vaswani and
               Noam Shazeer and
               Niki Parmar and
               et al.},
  title     = {Attention is All you Need},
  booktitle = {NeurIPS},
  year      = {2017}
}

@inproceedings{san,
  author    = {Zichao Yang and
               Xiaodong He and
               Jianfeng Gao and
               et al.},
  title     = {Stacked Attention Networks for Image Question Answering},
  booktitle = {CVPR},
  year      = {2016}
}

@inproceedings{swav,
  author    = {Mathilde Caron and
               Ishan Misra and
               Julien Mairal and
               et al.},
  title     = {Unsupervised Learning of Visual Features by Contrasting Cluster Assignments},
  booktitle = {NeurIPS},
  year      = {2020}
}

@misc{byol,
  author = {Grill, Bastien and Strub, Florian and Altché, Florent and et al.},
  title = {Bootstrap your own latent: A new approach to self-supervised Learning}, 
  publisher = {arXiv Preprint},
  year = {2020}
}

@inproceedings{kim2017,
  author    = {Kyung{-}Min Kim and
               Min{-}Oh Heo and
               Seong{-}Ho Choi and
               Byoung{-}Tak Zhang},
  title     = {DeepStory: Video Story {QA} by Deep Embedded Memory Networks},
  booktitle = {IJCAI},
  year      = {2017}
}

@inproceedings{zhu20,
  author    = {Xi Zhu and
               Zhendong Mao and
               Chunxiao Liu and
               Peng Zhang and
               Bin Wang and
               Yongdong Zhang},
  title     = {Overcoming Language Priors with Self-supervised Learning for Visual
               Question Answering},
  booktitle = {IJCAI},
  year      = {2020}
}

@inproceedings{kim21,
  author    = {Seonhoon Kim and
               Seohyeong Jeong and
               Eunbyul Kim and
               Inho Kang and
               Nojun Kwak},
  title     = {Self-supervised Pre-training and Contrastive Representation Learning
               for Multiple-choice Video {QA}},
  booktitle = {AAAI},
  year      = {2021}
}

@inproceedings{baseline,
  author    = {Vahid Kazemi and
               Ali Elqursh},
  title     = {Show, Ask, Attend, and Answer: {A} Strong Baseline For Visual Question
               Answering},
  booktitle  = {arXiv preprint},
  year      = {2017}
}


@inproceedings{vqaattack,
author = {Vasu Sharma and 
          Ankita Kalra and
          Vaibhav and
          et al.},
title = {Attend and Attack: Attention Guided Adversarial Attacks on Visual Question Answering Models},
booktitle= {NeurIPS Workshop},
year = {2018}
}

@inproceedings{attention,
  author    = {Ashish Vaswani and
               Noam Shazeer and
               Niki Parmar and
               et al.},
  title     = {Attention is All you Need},
  booktitle = {NeurIPS},
  year      = {2017}
}

@inproceedings{baseline,
  author    = {Vahid Kazemi and
               Ali Elqursh},
  title     = {Show, Ask, Attend, and Answer: {A} Strong Baseline For Visual Question
               Answering},
  booktitle  = {arXiv preprint},
  year      = {2017}
}

@inproceedings{vqabase,
  author    = {Aishwarya Agrawal and
               Jiasen Lu and
               Stanislaw Antol and
               et al.},
  title     = {{VQA:} Visual Question Answering - www.visualqa.org},
  booktitle  = {Int. J. Comput. Vis.},
  volume    = {123},
  number    = {1},
  pages     = {4--31},
  year      = {2017}
}

@inproceedings{vqaattack,
author = {Vasu Sharma and 
          Ankita Kalra and
          Vaibhav and
          et al.},
title = {Attend and Attack: Attention Guided Adversarial Attacks on Visual Question Answering Models},
booktitle= {NeurIPS Workshop},
year = {2018}
}


@inproceedings{overc,
  author    = {Xi Zhu and
               Zhendong Mao and
               Chunxiao Liu and
               et al.},
  title     = {Overcoming Language Priors with Self-supervised Learning for Visual
               Question Answering},
  booktitle = {IJCAI},
  year      = {2020}
}

@inproceedings{patch1,
  author    = {A. Braunegg and
               Amartya Chakraborty and
               Michael Krumdick and
               et al.},
  title     = {{APRICOT:} {A} Dataset of Physical Adversarial Attacks on Object Detection},
  booktitle = {ECCV},
  series    = {Lecture Notes in Computer Science},
  volume    = {12366},
  pages     = {35--50},
  publisher = {Springer},
  year      = {2020}
}

@inproceedings{patch2,
  author    = {Tom B. Brown and
               Dandelion Man{\'{e}} and
               Aurko Roy and
               et al.},
  title     = {Adversarial Patch},
  booktitle  = {CoRR},
  volume    = {abs/1712.09665},
  year      = {2017}
}

@inproceedings{patch3,
  author    = {Shang{-}Tse Chen and
               Cory Cornelius and
               Jason Martin and
               Duen Horng (Polo) Chau},
  title     = {ShapeShifter: Robust Physical Adversarial Attack on Faster {R-CNN}
               Object Detector},
  booktitle = {{ECML} {PKDD}},
  series    = {Lecture Notes in Computer Science},
  volume    = {11051},
  pages     = {52--68},
  publisher = {Springer},
  year      = {2018}
}

@inproceedings{patch4,
  author    = {Yingqi Liu and
               Shiqing Ma and
               Yousra Aafer and
               et al.},
  title     = {Trojaning Attack on Neural Networks},
  booktitle = {Annual Network and Distributed System Security Symposium},
  year      = {2018}
}

@misc{instance,
      title={Instance-level Trojan Attacks on Visual Question Answering via Adversarial Learning in Neuron Activation Space}, 
      author={Yuwei Sun and Hideya Ochiai and Jun Sakuma},
      year={2023},
      eprint={2304.00436},
      archivePrefix={arXiv}
}

@inproceedings{28,
  author    = {Eugene Bagdasaryan and
               Andreas Veit and
               Yiqing Hua and
               et al.},
  title     = {How To Backdoor Federated Learning},
  booktitle = {AISTATS},
  year      = {2020}
}

@inproceedings{29,
  author    = {Eugene Bagdasaryan and
               Vitaly Shmatikov},
  title     = {Blind Backdoors in Deep Learning Models},
  booktitle  = {arXiv preprint},
  year      = {2020}
}

@inproceedings{30,
  author    = {Junyu Lin and
               Lei Xu and
               Yingqi Liu and
               Xiangyu Zhang},
  title     = {Composite Backdoor Attack for Deep Neural Network by Mixing Existing
               Benign Features},
  booktitle = {{ACM} {SIGSAC}},
  pages     = {113--131},
  publisher = {{ACM}},
  year      = {2020}
 }
 
 @inproceedings{mutant,
  author    = {Tejas Gokhale and
               Pratyay Banerjee and
               Chitta Baral and
               Yezhou Yang},
  title     = {{MUTANT:} {A} Training Paradigm for Out-of-Distribution Generalization
               in Visual Question Answering},
  booktitle = {EMNLP},
  year      = {2020}
}

@inproceedings{prior1,
  author    = {Aishwarya Agrawal and
               Dhruv Batra and
               Devi Parikh and
               Aniruddha Kembhavi},
  title     = {Don't Just Assume; Look and Answer: Overcoming Priors for Visual Question
               Answering},
  booktitle = {CVPR},
  year      = {2018}
}

@inproceedings{prior2,
  author    = {Yash Goyal and
               Tejas Khot and
               Aishwarya Agrawal and
               et al.},
  title     = {Making the {V} in {VQA} Matter: Elevating the Role of Image Understanding
               in Visual Question Answering},
  booktitle  = {Int. J. Comput. Vis.},
  volume    = {127},
  number    = {4},
  pages     = {398--414},
  year      = {2019}
}

@inproceedings{prior3,
  author    = {Allan Jabri and
               Armand Joulin and
               Laurens van der Maaten},
  title     = {Revisiting Visual Question Answering Baselines},
  booktitle = {ECCV},
  year      = {2016}
}

@inproceedings{prior4,
  author    = {Alexey Kurakin and
               Ian J. Goodfellow and
               Samy Bengio},
  title     = {Adversarial Machine Learning at Scale},
  booktitle = {ICLR},
  year      = {2017}
}

@inproceedings{trojan,
  author    = {Christian Szegedy and
               Wojciech Zaremba and
               Ilya Sutskever and
               et al.},
  title     = {Intriguing properties of neural networks},
  booktitle = {ICLR},
  year      = {2014}
}

@inproceedings{mfh,
  author    = {Zhou Yu and
               Jun Yu and
               Chenchao Xiang and
               et al.},
  title     = {Beyond Bilinear: Generalized Multimodal Factorized High-Order Pooling
               for Visual Question Answering},
  booktitle  = {{IEEE} Trans. Neural Networks Learn. Syst.},
  volume    = {29},
  number    = {12},
  pages     = {5947--5959},
  year      = {2018}
}

@inproceedings{butd,
  author    = {Peter Anderson and
               Xiaodong He and
               Chris Buehler and
               et al.},
  title     = {Bottom-Up and Top-Down Attention for Image Captioning and Visual Question
               Answering},
  booktitle = {CVPR},
  year      = {2018}
}

@inproceedings{ban,
  author    = {Jin{-}Hwa Kim and
               Jaehyun Jun and
               Byoung{-}Tak Zhang and
               et al.},
  title     = {Bilinear Attention Networks},
  booktitle = {NeurIPS},
  year      = {2018}
}

@inproceedings{mmnas,
  author    = {Zhou Yu and
               Yuhao Cui and
               Jun Yu and
               et al.},
  title     = {Deep Multimodal Neural Architecture Search},
  booktitle = {ACM Multimedia},
  year      = {2020}
}

@inproceedings{mcan,
  author    = {Zhou Yu and
               Jun Yu and
               Yuhao Cui and
               et al.},
  title     = {Deep Modular Co-Attention Networks for Visual Question Answering},
  booktitle = {CVPR},
  year      = {2019}
}

@inproceedings{dualkey,
  author    = {Matthew Walmer and
               Karan Sikka and
               Indranil Sur and
               et al.},
  title     = {Dual-Key Multimodal Backdoors for Visual Question Answering},
  booktitle  = {CVPR},
  year      = {2022}
}

@inproceedings{infoattack,
  author       = {Briland Hitaj and
                  Giuseppe Ateniese and
                  Fernando P{\'{e}}rez{-}Cruz},
  title        = {Deep Models Under the {GAN:} Information Leakage from Collaborative
                  Deep Learning},
  booktitle    = {{CCS}},
  pages        = {603--618},
  publisher    = {{ACM}},
  year         = {2017}
}

@inproceedings{fung2020mitigating,
      title={Mitigating Sybils in Federated Learning Poisoning}, 
      author={Clement Fung and Chris J. M. Yoon and Ivan Beschastnikh},
      booktitle   = {arXiv preprint},
      year={2020}
}

@misc{gdpr,
  title = {General Data Protection Regulation},
  howpublished = {\url{https://gdpr-info.eu}},
  note = {Accessed: 2021-11-13}
}

@book{Goodfellow-et-al-2016,
    title={Deep Learning},
    author={Ian Goodfellow and Yoshua Bengio and Aaron Courville},
    publisher={MIT Press},
    year={2016}
}

@inproceedings{abs-1911-07963,
  author    = {Ziteng Sun and
               Peter Kairouz and
               Ananda Theertha Suresh and
               H. Brendan McMahan},
  title     = {Can You Really Backdoor Federated Learning?},
booktitle   = {arXiv preprint},
  year      = {2019}
}

@inproceedings{MhamdiGR18,
  author    = {El Mahdi El Mhamdi and
               Rachid Guerraoui and
               S{\'{e}}bastien Rouault},
  title     = {The Hidden Vulnerability of Distributed Learning in Byzantium},
  booktitle = {ICML},
  year      = {2018}
}

@inproceedings{trimmedmean,
  author    = {Dong Yin and
               Yudong Chen and
               Kannan Ramchandran and
               Peter L. Bartlett},
  title     = {Byzantine-Robust Distributed Learning: Towards Optimal Statistical
               Rates},
  booktitle = {ICML},
  year      = {2018}
}

@inproceedings{Tolpegin2020,
  author    = {Vale Tolpegin and
               Stacey Truex and
               Mehmet Emre Gursoy and
               Ling Liu},
  title     = {Data Poisoning Attacks Against Federated Learning Systems},
  booktitle = {European Symposium on Research in Computer Security},
  year      = {2020}
}

@inproceedings{McMahanRT018,
  author    = {H. Brendan McMahan and
               Daniel Ramage and
               Kunal Talwar and
               Li Zhang},
  title     = {Learning Differentially Private Recurrent Language Models},
  booktitle = {ICLR},
  year      = {2018}
}

@inproceedings{BlanchardMGS17,
  author    = {Peva Blanchard and
               El Mahdi El Mhamdi and
               Rachid Guerraoui and
               Julien Stainer},
  title     = {Machine Learning with Adversaries: Byzantine Tolerant Gradient Descent},
  booktitle = {NeurIPS},
  year      = {2017}
}

@InProceedings{17, title = {{Communication-Efficient Learning of Deep Networks from Decentralized Data}}, author = {Brendan McMahan and Eider Moore and Daniel Ramage and et al.}, booktitle = {AISTATS}, year = {2017}}

@inproceedings{labelflipping,
  author    = {Han Xiao and
               Huang Xiao and
               Claudia Eckert},
  title     = {Adversarial Label Flips Attack on Support Vector Machines},
  booktitle = {ECAI},
  year      = {2012}}
}

@inproceedings{normbound,
  author    = {Di Cao and
               Shan Chang and
               Zhijian Lin and
               et al.},
  title     = {Understanding Distributed Poisoning Attack in Federated Learning},
  booktitle = {{IEEE} ICPADS},
  year      = {2019}
}

@inproceedings{fl,
title	= {Federated Learning: Strategies for Improving Communication Efficiency},
author	= {Jakub Konečný and H. Brendan McMahan and Felix X. Yu and et al.},
year	= {2016},
booktitle	= {NeurIPS Workshop on Private Multi-Party Machine Learning}
}

@inproceedings{survey,
      title={Decentralized Deep Learning for Multi-Access Edge Computing: A Survey on Communication Efficiency and Trustworthiness}, 
      author={Yuwei Sun and Hideya Ochiai and Hiroshi Esaki},
      booktitle = {IEEE Transactions on Artificial Intelligence},
      year={2021}
}

@inproceedings{sun2020bcfl,
  author    = {Yuwei Sun and
               Hideya Ochiai and
               Hiroshi Esaki},
  title     = {Blockchain-Based Federated Learning Against End-Point Adversarial Data Corruption},
  booktitle  = {IEEE International Conference on Machine Learning and Applications (ICMLA)},
  year      = {2020}
}

@inproceedings{32,
  author    = {Yujie Ji and
               Xinyang Zhang and
               Shouling Ji and
               et al.},
  title     = {Model-Reuse Attacks on Deep Learning Systems},
  booktitle   = {arXiv preprint},
  year      = {2018}
}

@inproceedings{45,
  author    = {Briland Hitaj and
               Giuseppe Ateniese and
               Fernando P{\'{e}}rez{-}Cruz},
  title     = {Deep Models Under the {GAN:} Information Leakage from Collaborative
               Deep Learning},
  booktitle = {{ACM} {SIGSAC} Conference on Computer and Communications Security},
  year      = {2017}
}

@INPROCEEDINGS{8835245,  author={Nasr, Milad and Shokri, Reza and Houmansadr, Amir and et al.},  booktitle={IEEE Symposium on Security and Privacy (SP)},   title={Comprehensive Privacy Analysis of Deep Learning: Passive and Active White-box Inference Attacks against Centralized and Federated Learning},   year={2019}}

@inproceedings{cleverhans,
  title={cleverhans v1.0.0: an adversarial machine learning library},
  author={Papernot, Nicolas and Goodfellow, Ian and Sheatsley, Ryan and Feinman, Reuben and McDaniel, Patrick},
  booktitle={arXiv preprint},
  year={2016}
}

@inproceedings{BagdasaryanVHES20,
  author    = {Eugene Bagdasaryan and
               Andreas Veit and
               Yiqing Hua and
               et al.},
  title     = {How To Backdoor Federated Learning},
  booktitle = {AISTATS},
  year      = {2020}
}

@inproceedings{KairouzMABBBBCC21,
  author    = {Peter Kairouz and
               H. Brendan McMahan and
               Brendan Avent and
               et al.},
  title     = {Advances and Open Problems in Federated Learning},
  booktitle   = {Foundations and Trends in Machine Learning},
  volume    = {14},
  number    = {1-2},
  pages     = {1--210},
  year      = {2021}
}

@inproceedings{shafahi2018poison,
      author={Ali Shafahi and W. Ronny Huang and Mahyar Najibi and et al.},
      title={Poison Frogs! Targeted Clean-Label Poisoning Attacks on Neural Networks},
      booktitle  = {NeurIPS},
      year={2018}
}

@inproceedings{35,
  author    = {Weilin Xu and
               David Evans and
               Yanjun Qi},
  title     = {Feature Squeezing: Detecting Adversarial Examples in Deep Neural Networks},
  booktitle = {NDSS Symposium},
  year      = {2018}
}

@inproceedings{40,
  title={Poisoning Attacks on Federated Learning-based IoT Intrusion Detection System},
  author={T. Nguyen and P. Rieger and et al.},
  booktitle   = {arXiv preprint},
  year={2020}
}

@inproceedings{42,
  author    = {Ying Zhao and
               Junjun Chen and
               Jiale Zhang and
               et al.},
  title     = {{PDGAN:} {A} Novel Poisoning Defense Method in Federated Learning
               Using Generative Adversarial Network},
  booktitle = {Algorithms and Architectures for Parallel Processing},
  year      = {2019}
}

@inproceedings{datapoison1,
  author    = {Xinyun Chen and
               Chang Liu and
               Bo Li and
               et al.},
  title     = {Targeted Backdoor Attacks on Deep Learning Systems Using Data Poisoning},
  booktitle   = {arXiv preprint},
  year      = {2017}
}

@inproceedings{datapoison2,
  author    = {Arjun Nitin Bhagoji and
               Supriyo Chakraborty and
               Prateek Mittal and
               Seraphin B. Calo},
  title     = {Analyzing Federated Learning through an Adversarial Lens},
  booktitle = {ICML},
  year      = {2019}
}




@inproceedings{mnist,
  author    = {Yann LeCun and
               L{\'{e}}on Bottou and
               Yoshua Bengio and
               Patrick Haffner},
  title     = {Gradient-based learning applied to document recognition},
  booktitle  = {Proc. {IEEE}},
  volume    = {86},
  number    = {11},
  pages     = {2278--2324},
  year      = {1998}
}

@inproceedings{fashion,
  author    = {Han Xiao and
               Kashif Rasul and
               Roland Vollgraf},
  title     = {Fashion-MNIST: a Novel Image Dataset for Benchmarking Machine Learning
               Algorithms},
  booktitle   = {arXiv preprint},
  year      = {2017}
}

@inproceedings{cifar10,
  title={Learning Multiple Layers of Features from Tiny Images},
  author={Alex Krizhevsky},
  year={2009}
}

@misc{tensorflow,
title={ {TensorFlow}: Large-Scale Machine Learning on Heterogeneous Systems},
author={
    Mart\'{i}n~Abadi and
    Ashish~Agarwal and
    Paul~Barham and
    et al.},
  year={2015}
}

@INPROCEEDINGS{milad19,  
        author={Nasr, Milad and Shokri, Reza and Houmansadr, Amir},  
        booktitle={IEEE Symposium on Security and Privacy (SP)},   
        title={Comprehensive Privacy Analysis of Deep Learning: Passive and Active White-box Inference Attacks against Centralized and Federated Learning},   
        year={2019}}

@inproceedings{hitaj17,
  author    = {Briland Hitaj and
               Giuseppe Ateniese and
               Fernando P{\'{e}}rez{-}Cruz},
  title     = {Deep Models Under the {GAN:} Information Leakage from Collaborative
               Deep Learning},
  booktitle = {ACM Conference on Computer and Communications Security (CCS)},
  year      = {2017}
}

@inproceedings{Geiping20,
  author    = {Jonas Geiping and
               Hartmut Bauermeister and
               Hannah Dr{\"{o}}ge and
               Michael Moeller},
  title     = {Inverting Gradients - How easy is it to break privacy in federated
               learning?},
  booktitle = {NeurIPS},
  year      = {2020}
}

@inproceedings{Huang21,
  author    = {Yangsibo Huang and
               Samyak Gupta and
               Zhao Song and
               Kai Li and
               Sanjeev Arora},
  title     = {Evaluating Gradient Inversion Attacks and Defenses in Federated Learning},
  booktitle = {NeurIPS},
  year      = {2021}
}

@inproceedings{Yin21,
  author    = {Hongxu Yin and
               Arun Mallya and
               Arash Vahdat and
               et al.},
  title     = {See Through Gradients: Image Batch Recovery via GradInversion},
  booktitle = {CVPR},
  year      = {2021}
}

@inproceedings{Fang20,
  author    = {Minghong Fang and
               Xiaoyu Cao and
               Jinyuan Jia and
               Neil Zhenqiang Gong},
  title     = {Local Model Poisoning Attacks to Byzantine-Robust Federated Learning},
  booktitle = {USENIX Security Symposium},
  year      = {2020}
}

@inproceedings{Zhou21,
  author    = {Xingchen Zhou and
               Ming Xu and
               Yiming Wu and
               Ning Zheng},
  title     = {Deep Model Poisoning Attack on Federated Learning},
  booktitle  = {Future Internet},
  volume    = {13},
  number    = {3},
  pages     = {73},
  year      = {2021}
}

@inproceedings{Sunicmla20,
  author    = {Yuwei Sun and
               Hiroshi Esaki and
               Hideya Ochiai},
  title     = {Blockchain-Based Federated Learning Against End-Point Adversarial
               Data Corruption},
  booktitle = {{IEEE} International Conference on Machine Learning and Applications},
  year      = {2020}
}

@inproceedings{37,
  author    = {Luca Melis and
               Congzheng Song and
               Emiliano De Cristofaro and
               Vitaly Shmatikov},
  title     = {Exploiting Unintended Feature Leakage in Collaborative Learning},
  booktitle = {IEEE Symposium on Security and Privacy},
  year      = {2019}
}

@inproceedings{41,
  author    = {Vale Tolpegin and
               Stacey Truex and
               Mehmet Emre Gursoy and
               Ling Liu},
  title     = {Data Poisoning Attacks Against Federated Learning Systems},
  booktitle = {Computer Security - {ESORICS} 2020 - 25th European Symposium on Research
               in Computer Security, {ESORICS} 2020, Guildford, UK, September 14-18,
               2020, Proceedings, Part {I}},
  series    = {Lecture Notes in Computer Science},
  volume    = {12308},
  pages     = {480--501},
  publisher = {Springer},
  year      = {2020},
  url       = {https://doi.org/10.1007/978-3-030-58951-6\_24},
  doi       = {10.1007/978-3-030-58951-6\_24},
  timestamp = {Fri, 02 Jul 2021 20:12:27 +0200},
  biburl    = {https://dblp.org/rec/conf/esorics/TolpeginTGL20.bib},
  bibsource = {dblp computer science bibliography, https://dblp.org}
}

@inproceedings{dp,
  author    = {Mart{\'{\i}}n Abadi and
               Andy Chu and
               Ian J. Goodfellow and
               et al.},
  title     = {Deep Learning with Differential Privacy},
  booktitle = {ACM Conference on Computer and Communications Security},
  year      = {2016}
}

@inproceedings{dp2,
  author    = {Robin C. Geyer and
               Tassilo Klein and
               Moin Nabi},
  title     = {Differentially Private Federated Learning: {A} Client Level Perspective},
  booktitle  = {arXiv preprint},
  year      = {2017}
}

@inproceedings{dp3,
  author    = {H. Brendan McMahan and
               Daniel Ramage and
               Kunal Talwar and
               Li Zhang},
  title     = {Learning Differentially Private Recurrent Language Models},
  booktitle = {ICLR},
  year      = {2018}
}

@Techreport{cifar100,
  author = {Krizhevsky, Alex and Hinton, Geoffrey},
 title = {Learning multiple layers of features from tiny images},
  publisher = {Technical report, University of Toronto},
 year = {2009}
}

@inproceedings{vgg16,
  author    = {Karen Simonyan and
               Andrew Zisserman},
  title     = {Very Deep Convolutional Networks for Large-Scale Image Recognition},
  booktitle = {ICLR},
  year      = {2015}
}

@inproceedings{ijcnn,
  author = {Yuwei Sun and Hideya Ochiai and Jun Sakuma},
  title = {Semi-Targeted Model Poisoning Attack on Federated Learning via Backward Error Analysis},
  booktitle= {IJCNN},
  year = {2022}
}

@misc{openvqa,
  author = {Yu, Zhou and Cui, Yuhao and Shao, Zhenwei and Gao, Pengbing and Yu, Jun},
  title = {OpenVQA},
  howpublished = {\url{https://github.com/MILVLG/openvqa}},
  year = {2019}
}


@inproceedings{prior3,
  author    = {Allan Jabri and
               Armand Joulin and
               Laurens van der Maaten},
  title     = {Revisiting Visual Question Answering Baselines},
  booktitle = {ECCV},
  year      = {2016}
}


@inproceedings{dalle,
  author    = {Aditya Ramesh and
               Mikhail Pavlov and
               Gabriel Goh and
               et al.},
  title     = {Zero-Shot Text-to-Image Generation},
  booktitle = {ICML},
  year      = {2021}
}

@inproceedings{dalle2,
  author    = {Aditya Ramesh and
               Prafulla Dhariwal and
               Alex Nichol and
               et al.},
  title     = {Hierarchical Text-Conditional Image Generation with {CLIP} Latents},
  booktitle  = {arXiv preprint arXiv.2204.06125},
  year      = {2022}
}

@inproceedings{36,
  author    = {Hongyi Wang and
               Kartik Sreenivasan and
               Shashank Rajput and
               et al.},
  title     = {Attack of the Tails: Yes, You Really Can Backdoor Federated Learning},
  booktitle = {NeurIPS},
  year      = {2020}
}

@inproceedings{37,
  author    = {Luca Melis and
               Congzheng Song and
               Emiliano De Cristofaro and
               Vitaly Shmatikov},
  title     = {Exploiting Unintended Feature Leakage in Collaborative Learning},
  booktitle = {IEEE Symposium on Security and Privacy},
  year      = {2019}
}

@inproceedings{brown20,
  author    = {Tom B. Brown and
               Benjamin Mann and
               Nick Ryder and
               et al.},
  title     = {Language Models are Few-Shot Learners},
  booktitle = {NeurIPS},
  year      = {2020}
  }
  
@inproceedings{Gao20,
  author    = {Tianyu Gao and
               Adam Fisch and
               Danqi Chen and
               et al.},
  title     = {Making Pre-trained Language Models Better Few-shot Learners},
  booktitle = {ACL/IJCNLP},
  year      = {2021}
}

@misc{openvqazoo,
  author = {Yu, Zhou and Cui, Yuhao and Shao, Zhenwei and Gao, Pengbing and Yu, Jun},
  title = {OpenVQA},
  howpublished = {\url{https://openvqa.readthedocs.io/en/latest/basic/model_zoo.html}},
  year = {2019}
}

@inproceedings{mfb,
  author    = {Zhou Yu and
               Jun Yu and
               Jianping Fan and
               Dacheng Tao},
  title     = {Multi-modal Factorized Bilinear Pooling with Co-attention Learning
               for Visual Question Answering},
  booktitle = {ICCV},
  year      = {2017}
}

@inproceedings{he2020,
  author    = {Kaiming He and
               Haoqi Fan and
               Yuxin Wu and
               et al.},
  title     = {Momentum Contrast for Unsupervised Visual Representation Learning},
  booktitle = {CVPR},
  year      = {2020}
}

@inproceedings{patrick2020,
  author    = {Mandela Patrick and
               Yuki Markus Asano and
               Ruth Fong and
               et al.},
  title     = {Multi-modal Self-Supervision from Generalized Data Transformations},
  booktitle  = {arXiv preprint},
  year      = {2020}
}

@inproceedings{wu2018,
  author    = {Zhirong Wu and
               Yuanjun Xiong and
               Stella X. Yu and
               Dahua Lin},
  title     = {Unsupervised Feature Learning via Non-Parametric Instance Discrimination},
  booktitle = {CVPR},
  year      = {2018}
}

@inproceedings{ganattack,
  author    = {Briland Hitaj and
               Giuseppe Ateniese and
               Fernando P{\'{e}}rez{-}Cruz},
  title     = {Deep Models Under the {GAN:} Information Leakage from Collaborative Deep Learning},
  booktitle = {ACM Conference on Computer and
               Communications Security},
  year      = {2017}
}

@inproceedings{mscoco,
  author    = {Tsung{-}Yi Lin and
               Michael Maire and
               Serge J. Belongie and
               et al.},
  title     = {Microsoft {COCO:} Common Objects in Context},
  booktitle = {ECCV},
  year      = {2014}
}

@inproceedings{pennington2014glove,
  author = {Jeffrey Pennington and Richard Socher and Christopher D. Manning and et al.},
  booktitle = {EMNLP},
  title = {GloVe: Global Vectors for Word Representation},
  year = {2014}
}

@inproceedings{coco,
  author    = {Tsung{-}Yi Lin and
               Michael Maire and
               Serge J. Belongie and
               et al.},
  title     = {Microsoft {COCO:} Common Objects in Context},
  booktitle = {ECCV},
  year      = {2014}
}

@inproceedings{imagenet,
  title={Imagenet: A large-scale hierarchical image database},
  author={Deng, Jia and Dong, Wei and Socher, Richard and et al.},
  booktitle={CVPR},
  year={2009}
}


@inproceedings {t-test,
	Title = {T test as a parametric statistic},
	Author = {Kim, Tae Kyun},
	Number = {6},
	Volume = {68},
	Year = {2015},
	booktitle= {Korean booktitleof anesthesiology}
}

@inproceedings{bengio2019,
  author    = {Yoshua Bengio},
  title     = {The Consciousness Prior},
  booktitle  = {arXiv},
  year      = {2017}
}

@book{Baars1988,
	year = {1988},
	publisher = {Cambridge University Press},
	title = {A Cognitive Theory of Consciousness},
	author = {Bernard J. Baars}
}

@inproceedings{hinton,
  author    = {Sara Sabour and
               Nicholas Frosst and
               Geoffrey E. Hinton},
  title     = {Dynamic Routing Between Capsules},
  booktitle = {NeurIPS},
  pages     = {3856--3866},
  year      = {2017}
}

@inproceedings{benjo22,
  author    = {Moksh Jain and
               Emmanuel Bengio and
               Alex Hern{\'{a}}ndez{-}Garc{\'{\i}}a and
               et al.},
  title     = {Biological Sequence Design with GFlowNets},
  booktitle = {ICML},
  year      = {2022}
}

@inproceedings{homo,
  author    = {Yuwei Sun and
               Hideya Ochiai},
  title     = {Homogeneous Learning: Self-Attention Decentralized Deep Learning},
  booktitle  = {{IEEE} Access},
  volume    = {10},
  pages     = {7695--7703},
  year      = {2022}
}

@inproceedings{capsule,
  author    = {Sara Sabour and
               Nicholas Frosst and
               Geoffrey E. Hinton},
  title     = {Dynamic Routing Between Capsules},
  booktitle = {NeurIPS},
  pages     = {3856--3866},
  year      = {2017}
}

@inproceedings{peng,
  author    = {Xingchao Peng and
               Zijun Huang and
               Yizhe Zhu and
               Kate Saenko},
  title     = {Federated Adversarial Domain Adaptation},
  booktitle= {ICLR},
  year      = {2020}
}

@inproceedings{baby,
  author    = {Linda Smith and
               Michael Gasser},
  title     = {The Development of Embodied Cognition: Six Lessons from Babies},
  booktitle  = {Artif. Life},
  year      = {2005}
}

@inproceedings{babyai,
  author    = {Maxime Boisvert and
               Dzmitry Bahdanau and
               Salem Lahlou and
               et al.},
  title     = {BabyAI: {A} Platform to Study the Sample Efficiency of Grounded Language
               Learning},
  booktitle = {ICLR},
  year      = {2019}
}

@inproceedings{goyal,
  author    = {Anirudh Goyal and
               Aniket Rajiv Didolkar and
               Alex Lamb and
               et al.},
  title     = {Coordination Among Neural Modules Through a Shared Global Workspace},
  booktitle = {ICLR},
  year      = {2022}
}

@inproceedings{system12,
  author    = {Daniel Kahneman},
  title     = {Thinking, Fast and Slow},
  booktitle = {New York: Farrar, Straus and Giroux},
  year      = {2011}
}

@inproceedings{sun2022fedka,  
  author = {Sun, Yuwei and Chong, Ng and Ochiai, Hideya},
  title = {Multi-Source Domain Adaptation Based on Federated Knowledge Alignment},
  booktitle= {arXiv preprint arXiv:2203.11635},
  year = {2022}
}

@inproceedings{nature,  
  author = {K. Craik},
  title = {The Nature of Explanation},
  booktitle= {CUP Archive},
  year = {1967}
}

@inproceedings{causal,
  author    = {William H. Hsu},
  title     = {Probabilistic Learning in Bayesian and Stochastic Neural Networks},
  booktitle = {AAAI},
  year      = {1997}
}

@inproceedings{hopfield,
author = {J. Hopfield},
title = {Neural networks and physical systems with emergent collective computational abilities},
booktitle = {Proceedings of the National Academy of Sciences},
year = {1982}
}

@inproceedings{unicon,
  author    = {Yuwei Sun and
               Hideya Ochiai},
  title     = {UniCon: Unidirectional Split Learning with Contrastive Loss for Visual Question Answering},
  booktitle   = {arXiv preprint},
  year      = {2022}
}

@inproceedings{clevr,
  author    = {Justin Johnson and
               Bharath Hariharan and
               Laurens van der Maaten and
               et al.},
  title     = {{CLEVR:} {A} Diagnostic Dataset for Compositional Language and Elementary
               Visual Reasoning},
  booktitle = {CVPR},
  year      = {2017}
}

@misc{chaoyang,
  author = {He, Chaoyang and Yang, Zhengyu and Mushtaq, Erum and et al.},
  title = {SSFL: Tackling Label Deficiency in Federated Learning via Personalized Self-Supervision},
  publisher = {arXiv:2110.02470},
  year = {2021}
}

@misc{fedmd,
  author = {Li, Daliang and Wang, Junpu},
  title = {FedMD: Heterogenous Federated Learning via Model Distillation},
  publisher = {arXiv:1910.03581},
  year = {2019}
}

@article{lstm,
  author       = {Sepp Hochreiter and
                  J{\"{u}}rgen Schmidhuber},
  title        = {Long Short-Term Memory},
  journal      = {Neural Comput.},
  volume       = {9},
  number       = {8},
  pages        = {1735--1780},
  year         = {1997}
}

@article{cnn,
  author       = {Alex Krizhevsky and
                  Ilya Sutskever and
                  Geoffrey E. Hinton},
  title        = {ImageNet classification with deep convolutional neural networks},
  journal      = {Commun. {ACM}},
  volume       = {60},
  number       = {6},
  pages        = {84--90},
  year         = {2017}
}

@book{mlp,
  title={Pattern recognition and machine learning},
  author={Bishop, Christopher M},
  year={2006},
  publisher={Springer}
}


@article{gpt4,
  author       = {OpenAI},
  title        = {{GPT-4} Technical Report},
  journal      = {CoRR},
  volume       = {abs/2303.08774},
  year         = {2023}
}

@article{humanf,
  author       = {Long Ouyang and
                  Jeff Wu and
                  Xu Jiang and
                  et al.},
  title        = {Training language models to follow instructions with human feedback},
  journal      = {CoRR},
  volume       = {abs/2203.02155},
  year         = {2022}
}

@inproceedings{infoleak,
  author       = {Briland Hitaj and
                  Giuseppe Ateniese and
                  Fernando P{\'{e}}rez{-}Cruz},
  title        = {Deep Models Under the {GAN:} Information Leakage from Collaborative
                  Deep Learning},
  booktitle    = {{CCS}},
  pages        = {603--618},
  publisher    = {{ACM}},
  year         = {2017}
}