@article{ShekharB20,
  author    = {Shashank Shekhar and
               Ronen I. Brafman},
  title     = {Representing and planning with interacting actions and privacy},
  journal   = {Artif. Intell.},
  volume    = {278},
  year      = {2020},
  url       = {https://doi.org/10.1016/j.artint.2019.103200},
  doi       = {10.1016/j.artint.2019.103200}
}

@inproceedings{hoffmann2005contingent,
  title={Contingent planning via heuristic forward search with implicit belief states},
  author={Hoffmann, J{\"o}rg and Brafman, Ronen},
  booktitle={Proc. ICAPS},
  volume={2005},
  year={2005}
}

@article{PalaciosG09,
  author    = {H{\'{e}}ctor Palacios and
               Hector Geffner},
  title     = {Compiling Uncertainty Away in Conformant Planning Problems with Bounded
               Width},
  journal   = {J. Artif. Intell. Res.},
  volume    = {35},
  pages     = {623--675},
  year      = {2009}
}

@inproceedings{SDR,
  author    = {Guy Shani and
               Ronen I. Brafman},
  title     = {Replanning in Domains with Partial Information and Sensing Actions},
  booktitle = {{IJCAI} 2011, Proceedings of the 22nd International Joint Conference
               on Artificial Intelligence, Barcelona, Catalonia, Spain, July 16-22,
               2011},
  pages     = {2021--2026},
  year      = {2011}
}

@article{BonetG14,
  author    = {Blai Bonet and
               Hector Geffner},
  title     = {Belief Tracking for Planning with Sensing: Width, Complexity and Approximations},
  journal   = {J. Artif. Intell. Res.},
  volume    = {50},
  pages     = {923--970},
  year      = {2014}
}

@inproceedings{MPSR,
	Author = {Ronen I. Brafman and Guy Shani},
	Booktitle = {Proceedings of the Twenty-Sixth Conference on Artificial Intelligence},
	Pages = {1868--1874},
	Title = {A Multi-Path Compilation Approach to Contingent Planning},
	Year = {2012}}

@inproceedings{brafman2008one,
	Author = {Brafman, Ronen I and Domshlak, Carmel},
	Booktitle = {ICAPS},
	Pages = {28--35},
	Title = {From One to Many: Planning for Loosely Coupled Multi-Agent Systems.},
	Year = {2008}}

@inproceedings{CJR14,
  author    = {Matthew Crosby and
               Anders Jonsson and
               Michael Rovatsos},
  title     = {A Single-Agent Approach to Multiagent Planning},
  booktitle = {{ECAI} 2014 - 21st European Conference on Artificial Intelligence,
               18-22 August 2014, Prague, Czech Republic - Including Prestigious
               Applications of Intelligent Systems {(PAIS} 2014)},
  pages     = {237--242},
  year      = {2014},
  doi       = {10.3233/978-1-61499-419-0-237},
  timestamp = {Fri, 02 Jun 2017 20:46:54 +0200}
}


@inproceedings{ShekharB18,
  author    = {Shashank Shekhar and
               Ronen I. Brafman},
  title     = {Representing and Planning with Interacting Actions and Privacy},
  booktitle = {Proceedings of the Twenty-Eighth International Conference on Automated
               Planning and Scheduling, {ICAPS} 2018, Delft, The Netherlands, June
               24-29, 2018},
  pages     = {232--240},
  year      = {2018}
}

@inproceedings{CPOR,
	Author = {Komarnitsky, Radimir and Shani, Guy},
	Booktitle = {AAAI},
	Pages = {3159--3165},
	Title = {Computing Contingent Plans Using Online Replanning.},
	Year = {2016}}
	
@inproceedings{ShekharBS19,
  author    = {Shashank Shekhar and
               Ronen I. Brafman and
               Guy Shani},
  title     = {A Factored Approach to Deterministic Contingent Multi-Agent Planning},
  booktitle = {Proceedings of the Twenty-Ninth International Conference on Automated
               Planning and Scheduling, {ICAPS} 2018, Berkeley, CA, USA, July 11-15,
               2019},
  pages     = {419--427},
  year      = {2019}  
}

@inproceedings{IMAP,
	Author = {Sagi Bazinin and Guy Shani},
	Booktitle = {GCAI 2018},
	Date-Modified = {2019-04-03 09:23:30 +0300},
	Pages = {15--28},
	Title = {Iterative Planning for Deterministic {QD}ec-{POMDP}s},
	Year = {2018}}
	
@article{Bernstein02,
	Author = {Daniel S. Bernstein and Robert Givan and Neil Immerman and Shlomo Zilberstein},
	Journal = {Mathematics of Operations Research},
	Pages = {819-840},
	Title = {The complexity of decentralized control of {M}arkov decision processes},
	Volume = {27},
	Year = {2002}}
	
@inproceedings{BrafmanSZ13,
  author    = {Ronen I. Brafman and
               Guy Shani and
               Shlomo Zilberstein},
  title     = {Qualitative Planning under Partial Observability in Multi-Agent Domains},
  booktitle = {Proceedings of the Twenty-Seventh {AAAI} Conference on Artificial
               Intelligence, July 14-18, 2013, Bellevue, Washington, {USA}},
  year      = {2013}}
  
@book{OliehoekA16,
  author    = {Frans A. Oliehoek and
               Christopher Amato},
  title     = {A Concise Introduction to Decentralized POMDPs},
  series    = {Springer Briefs in Intelligent Systems},
  publisher = {Springer},
  year      = {2016},
  timestamp = {Wed, 14 Nov 2018 10:12:19 +0100}
}
