@String(PAMI = {IEEE Trans. Pattern Anal. Mach. Intell.})
@String(IJCV = {Int. J. Comput. Vis.})
@String(CVPR= {IEEE Conf. Comput. Vis. Pattern Recog.})
@String(ICCV= {Int. Conf. Comput. Vis.})
@String(ECCV= {Eur. Conf. Comput. Vis.})
@String(NIPS= {Adv. Neural Inform. Process. Syst.})
@String(ICPR = {Int. Conf. Pattern Recog.})
@String(BMVC= {Brit. Mach. Vis. Conf.})
@String(TOG= {ACM Trans. Graph.})
@String(TIP  = {IEEE Trans. Image Process.})
@String(TVCG  = {IEEE Trans. Vis. Comput. Graph.})
@String(TMM  = {IEEE Trans. Multimedia})
@String(ACMMM= {ACM Int. Conf. Multimedia})
@String(ICME = {Int. Conf. Multimedia and Expo})
@String(ICASSP=	{ICASSP})
@String(ICIP = {IEEE Int. Conf. Image Process.})
@String(ACCV  = {ACCV})
@String(ICLR = {Int. Conf. Learn. Represent.})
@String(IJCAI = {IJCAI})
@String(PR   = {Pattern Recognition})
@String(AAAI = {AAAI})
@String(CVPRW= {IEEE Conf. Comput. Vis. Pattern Recog. Worksh.})
@String(CSVT = {IEEE Trans. Circuit Syst. Video Technol.})

@String(SPL	= {IEEE Sign. Process. Letters})
@String(VR   = {Vis. Res.})
@String(JOV	 = {J. Vis.})
@String(TVC  = {The Vis. Comput.})
@String(JCST  = {J. Comput. Sci. Tech.})
@String(CGF  = {Comput. Graph. Forum})
@String(CVM = {Computational Visual Media})


@String(PAMI  = {IEEE TPAMI})
@String(IJCV  = {IJCV})
@String(CVPR  = {CVPR})
@String(ICCV  = {ICCV})
@String(ECCV  = {ECCV})
@String(NIPS  = {NeurIPS})
@String(ICPR  = {ICPR})
@String(BMVC  =	{BMVC})
@String(TOG   = {ACM TOG})
@String(TIP   = {IEEE TIP})
@String(TVCG  = {IEEE TVCG})
@String(TCSVT = {IEEE TCSVT})
@String(TMM   =	{IEEE TMM})
@String(ACMMM = {ACM MM})
@String(ICME  =	{ICME})
@String(ICASSP=	{ICASSP})
@String(ICIP  = {ICIP})
@String(ACCV  = {ACCV})
@String(ICLR  = {ICLR})
@String(IJCAI = {IJCAI})
@String(PR = {PR})
@String(AAAI = {AAAI})
@String(CVPRW= {CVPRW})
@String(CSVT = {IEEE TCSVT})


@inproceedings{2021clip,
  title={Learning transferable visual models from natural language supervision},
  author={Radford, Alec and Kim, Jong Wook and Hallacy, Chris and Ramesh, Aditya and Goh, Gabriel and Agarwal, Sandhini and Sastry, Girish and Askell, Amanda and Mishkin, Pamela and Clark, Jack and others},
  booktitle={International conference on machine learning},
  pages={8748--8763},
  year={2021},
  organization={PMLR}
}

@inproceedings{2021ailgn,
  title={Scaling up visual and vision-language representation learning with noisy text supervision},
  author={Jia, Chao and Yang, Yinfei and Xia, Ye and Chen, Yi-Ting and Parekh, Zarana and Pham, Hieu and Le, Quoc and Sung, Yun-Hsuan and Li, Zhen and Duerig, Tom},
  booktitle={International Conference on Machine Learning},
  pages={4904--4916},
  year={2021},
  organization={PMLR}
}

@inproceedings{2022maskclip,
  title={Extract free dense labels from clip},
  author={Zhou, Chong and Loy, Chen Change and Dai, Bo},
  booktitle={European Conference on Computer Vision},
  pages={696--712},
  year={2022},
  organization={Springer}
}
@inproceedings{rao2022denseclip,
  title={Denseclip: Language-guided dense prediction with context-aware prompting},
  author={Rao, Yongming and Zhao, Wenliang and Chen, Guangyi and Tang, Yansong and Zhu, Zheng and Huang, Guan and Zhou, Jie and Lu, Jiwen},
  booktitle={Proceedings of the IEEE/CVF Conference on Computer Vision and Pattern Recognition},
  pages={18082--18091},
  year={2022}
}
@article{li2023clipsurgery,
  title={Clip surgery for better explainability with enhancement in open-vocabulary tasks},
  author={Li, Yi and Wang, Hualiang and Duan, Yiqun and Li, Xiaomeng},
  journal={arXiv preprint arXiv:2304.05653},
  year={2023}
}
@inproceedings{luddecke2022image,
  title={Image segmentation using text and image prompts},
  author={L{\"u}ddecke, Timo and Ecker, Alexander},
  booktitle={Proceedings of the IEEE/CVF Conference on Computer Vision and Pattern Recognition},
  pages={7086--7096},
  year={2022}
}
@inproceedings{
li2022languagedriven,
title={Language-driven Semantic Segmentation},
author={Boyi Li and Kilian Q Weinberger and Serge Belongie and Vladlen Koltun and Rene Ranftl},
booktitle={International Conference on Learning Representations},
year={2022},
url={https://openreview.net/forum?id=RriDjddCLN}
}


@article{2023zsc,
  title={Zero-shot Object Counting},
  author={Xu, Jingyi and Le, Hieu and Nguyen, Vu and Ranjan, Viresh and Samaras, Dimitris},
  journal={arXiv preprint arXiv:2303.02001},
  year={2023}
}

@inproceedings{2019GMN,
  title={Class-agnostic counting},
  author={Lu, Erika and Xie, Weidi and Zisserman, Andrew},
  booktitle={Computer Vision--ACCV 2018: 14th Asian Conference on Computer Vision, Perth, Australia, December 2--6, 2018, Revised Selected Papers, Part III 14},
  pages={669--684},
  year={2019},
  organization={Springer}
}

@inproceedings{2021CFOCNet,
  title={Class-agnostic few-shot object counting},
  author={Yang, Shuo-Diao and Su, Hung-Ting and Hsu, Winston H and Chen, Wen-Chin},
  booktitle={Proceedings of the IEEE/CVF Winter Conference on Applications of Computer Vision},
  pages={870--878},
  year={2021}
}

@inproceedings{2021FAMNet,
  title={Learning to count everything},
  author={Ranjan, Viresh and Sharma, Udbhav and Nguyen, Thu and Hoai, Minh},
  booktitle={Proceedings of the IEEE/CVF Conference on Computer Vision and Pattern Recognition},
  pages={3394--3403},
  year={2021}
}

@inproceedings{2022BMNet,
  title={Represent, compare, and learn: A similarity-aware framework for class-agnostic counting},
  author={Shi, Min and Lu, Hao and Feng, Chen and Liu, Chengxin and Cao, Zhiguo},
  booktitle={Proceedings of the IEEE/CVF Conference on Computer Vision and Pattern Recognition},
  pages={9529--9538},
  year={2022}
}

@inproceedings{2022RepRPN,
  title={Exemplar free class agnostic counting},
  author={Ranjan, Viresh and Nguyen, Minh Hoai},
  booktitle={Proceedings of the Asian Conference on Computer Vision},
  pages={3121--3137},
  year={2022}
}

@inproceedings{2017drone,
  title={Drone-based object counting by spatially regularized regional proposal network},
  author={Hsieh, Meng-Ru and Lin, Yen-Liang and Hsu, Winston H},
  booktitle={Proceedings of the IEEE international conference on computer vision},
  pages={4145--4153},
  year={2017}
}

@inproceedings{2016cars,
  title={A large contextual dataset for classification, detection and counting of cars with deep learning},
  author={Mundhenk, T Nathan and Konjevod, Goran and Sakla, Wesam A and Boakye, Kofi},
  booktitle={Computer Vision--ECCV 2016: 14th European Conference, Amsterdam, The Netherlands, October 11-14, 2016, Proceedings, Part III 14},
  pages={785--800},
  year={2016},
  organization={Springer}
}

@inproceedings{2016animal,
  title={Counting in the wild},
  author={Arteta, Carlos and Lempitsky, Victor and Zisserman, Andrew},
  booktitle={Computer Vision--ECCV 2016: 14th European Conference, Amsterdam, The Netherlands, October 11--14, 2016, Proceedings, Part VII 14},
  pages={483--498},
  year={2016},
  organization={Springer}
}

@article{2018cell,
  title={Microscopy cell counting and detection with fully convolutional regression networks},
  author={Xie, Weidi and Noble, J Alison and Zisserman, Andrew},
  journal={Computer methods in biomechanics and biomedical engineering: Imaging \& Visualization},
  volume={6},
  number={3},
  pages={283--292},
  year={2018},
  publisher={Taylor \& Francis}
}

@inproceedings{h0,
  title={Localization in the crowd with topological constraints},
  author={Abousamra, Shahira and Hoai, Minh and Samaras, Dimitris and Chen, Chao},
  booktitle={Proceedings of the AAAI Conference on Artificial Intelligence},
  volume={35},
  number={2},
  pages={872--881},
  year={2021}
}
@article{gu2021ppt,
  title={Ppt: Pre-trained prompt tuning for few-shot learning},
  author={Gu, Yuxian and Han, Xu and Liu, Zhiyuan and Huang, Minlie},
  journal={arXiv preprint arXiv:2109.04332},
  year={2021}
}
@inproceedings{wang2022learning,
  title={Learning to prompt for continual learning},
  author={Wang, Zifeng and Zhang, Zizhao and Lee, Chen-Yu and Zhang, Han and Sun, Ruoxi and Ren, Xiaoqi and Su, Guolong and Perot, Vincent and Dy, Jennifer and Pfister, Tomas},
  booktitle={Proceedings of the IEEE/CVF Conference on Computer Vision and Pattern Recognition},
  pages={139--149},
  year={2022}
}
@article{li2021prefix,
  title={Prefix-tuning: Optimizing continuous prompts for generation},
  author={Li, Xiang Lisa and Liang, Percy},
  journal={arXiv preprint arXiv:2101.00190},
  year={2021}
}

@inproceedings{gong2022class,
  title={Class-agnostic object counting robust to intraclass diversity},
  author={Gong, Shenjian and Zhang, Shanshan and Yang, Jian and Dai, Dengxin and Schiele, Bernt},
  booktitle={European Conference on Computer Vision},
  pages={388--403},
  year={2022},
  organization={Springer}
}

@inproceedings{h1,
  title={Composition loss for counting, density map estimation and localization in dense crowds},
  author={Idrees, Haroon and Tayyab, Muhmmad and Athrey, Kishan and Zhang, Dong and Al-Maadeed, Somaya and Rajpoot, Nasir and Shah, Mubarak},
  booktitle={Proceedings of the European conference on computer vision (ECCV)},
  pages={532--546},
  year={2018}
}

@inproceedings{h2,
  title={Density map regression guided detection network for rgb-d crowd counting and localization},
  author={Lian, Dongze and Li, Jing and Zheng, Jia and Luo, Weixin and Gao, Shenghua},
  booktitle={Proceedings of the IEEE/CVF Conference on Computer Vision and Pattern Recognition},
  pages={1821--1830},
  year={2019}
}

@inproceedings{h3,
  title={Pushing the frontiers of unconstrained crowd counting: New dataset and benchmark method},
  author={Sindagi, Vishwanath A and Yasarla, Rajeev and Patel, Vishal M},
  booktitle={Proceedings of the IEEE/CVF International Conference on Computer Vision},
  pages={1221--1231},
  year={2019}
}

@inproceedings{h4,
  title={A generalized loss function for crowd counting and localization},
  author={Wan, Jia and Liu, Ziquan and Chan, Antoni B},
  booktitle={Proceedings of the IEEE/CVF Conference on Computer Vision and Pattern Recognition},
  pages={1974--1983},
  year={2021}
}

@article{h5,
  title={NWPU-crowd: A large-scale benchmark for crowd counting and localization},
  author={Wang, Qi and Gao, Junyu and Lin, Wei and Li, Xuelong},
  journal={IEEE transactions on pattern analysis and machine intelligence},
  volume={43},
  number={6},
  pages={2141--2149},
  year={2020},
  publisher={IEEE}
}

@inproceedings{h6,
  title={Attentional neural fields for crowd counting},
  author={Zhang, Anran and Yue, Lei and Shen, Jiayi and Zhu, Fan and Zhen, Xiantong and Cao, Xianbin and Shao, Ling},
  booktitle={Proceedings of the IEEE/CVF international conference on computer vision},
  pages={5714--5723},
  year={2019}
}

@inproceedings{h7,
  title={Cross-scene crowd counting via deep convolutional neural networks},
  author={Zhang, Cong and Li, Hongsheng and Wang, Xiaogang and Yang, Xiaokang},
  booktitle={Proceedings of the IEEE conference on computer vision and pattern recognition},
  pages={833--841},
  year={2015}
}

@inproceedings{h8,
  title={Single-image crowd counting via multi-column convolutional neural network},
  author={Zhang, Yingying and Zhou, Desen and Chen, Siqin and Gao, Shenghua and Ma, Yi},
  booktitle={Proceedings of the IEEE conference on computer vision and pattern recognition},
  pages={589--597},
  year={2016}
}

@inproceedings{d0,
  title={Counting everyday objects in everyday scenes},
  author={Chattopadhyay, Prithvijit and Vedantam, Ramakrishna and Selvaraju, Ramprasaath R and Batra, Dhruv and Parikh, Devi},
  booktitle={Proceedings of the IEEE conference on computer vision and pattern recognition},
  pages={1135--1144},
  year={2017}
}

@inproceedings{d1,
  title={Where are the blobs: Counting by localization with point supervision},
  author={Laradji, Issam H and Rostamzadeh, Negar and Pinheiro, Pedro O and Vazquez, David and Schmidt, Mark},
  booktitle={Proceedings of the european conference on computer vision (ECCV)},
  pages={547--562},
  year={2018}
}

@inproceedings{r0,
  title={Privacy preserving crowd monitoring: Counting people without people models or tracking},
  author={Chan, Antoni B and Liang, Zhang-Sheng John and Vasconcelos, Nuno},
  booktitle={2008 IEEE conference on computer vision and pattern recognition},
  pages={1--7},
  year={2008},
  organization={IEEE}
}

@inproceedings{r1,
  title={Object counting and instance segmentation with image-level supervision},
  author={Cholakkal, Hisham and Sun, Guolei and Khan, Fahad Shahbaz and Shao, Ling},
  booktitle={Proceedings of the IEEE/CVF Conference on Computer Vision and Pattern Recognition},
  pages={12397--12405},
  year={2019}
}

@inproceedings{r2,
  title={Context-aware crowd counting},
  author={Liu, Weizhe and Salzmann, Mathieu and Fua, Pascal},
  booktitle={Proceedings of the IEEE/CVF conference on computer vision and pattern recognition},
  pages={5099--5108},
  year={2019}
}

@article{r3,
  title={Distribution matching for crowd counting},
  author={Wang, Boyu and Liu, Huidong and Samaras, Dimitris and Nguyen, Minh Hoai},
  journal={Advances in neural information processing systems},
  volume={33},
  pages={1595--1607},
  year={2020}
}

@article{2019pytorch,
  title={Pytorch: An imperative style, high-performance deep learning library},
  author={Paszke, Adam and Gross, Sam and Massa, Francisco and Lerer, Adam and Bradbury, James and Chanan, Gregory and Killeen, Trevor and Lin, Zeming and Gimelshein, Natalia and Antiga, Luca and others},
  journal={Advances in neural information processing systems},
  volume={32},
  year={2019}
}

@article{2016gelu,
  title={Gaussian error linear units (gelus)},
  author={Hendrycks, Dan and Gimpel, Kevin},
  journal={arXiv preprint arXiv:1606.08415},
  year={2016}
}

@article{2017adamw,
  title={Decoupled weight decay regularization},
  author={Loshchilov, Ilya and Hutter, Frank},
  journal={arXiv preprint arXiv:1711.05101},
  year={2017}
}

@inproceedings{2014coco,
  title={Microsoft coco: Common objects in context},
  author={Lin, Tsung-Yi and Maire, Michael and Belongie, Serge and Hays, James and Perona, Pietro and Ramanan, Deva and Doll{\'a}r, Piotr and Zitnick, C Lawrence},
  booktitle={Computer Vision--ECCV 2014: 13th European Conference, Zurich, Switzerland, September 6-12, 2014, Proceedings, Part V 13},
  pages={740--755},
  year={2014},
  organization={Springer}
}

@article{2023clip,
  title={Clip surgery for better explainability with enhancement in open-vocabulary tasks},
  author={Li, Yi and Wang, Hualiang and Duan, Yiqun and Li, Xiaomeng},
  journal={arXiv preprint arXiv:2304.05653},
  year={2023}
}

@article{2020lp,
  title={Language models are few-shot learners},
  author={Brown, Tom and Mann, Benjamin and Ryder, Nick and Subbiah, Melanie and Kaplan, Jared D and Dhariwal, Prafulla and Neelakantan, Arvind and Shyam, Pranav and Sastry, Girish and Askell, Amanda and others},
  journal={Advances in neural information processing systems},
  volume={33},
  pages={1877--1901},
  year={2020}
}

@inproceedings{2022coop,
  title={Conditional prompt learning for vision-language models},
  author={Zhou, Kaiyang and Yang, Jingkang and Loy, Chen Change and Liu, Ziwei},
  booktitle={Proceedings of the IEEE/CVF Conference on Computer Vision and Pattern Recognition},
  pages={16816--16825},
  year={2022}
}

@article{2022cocoop,
  title={Learning to prompt for vision-language models},
  author={Zhou, Kaiyang and Yang, Jingkang and Loy, Chen Change and Liu, Ziwei},
  journal={International Journal of Computer Vision},
  volume={130},
  number={9},
  pages={2337--2348},
  year={2022},
  publisher={Springer}
}

@inproceedings{2022vpt,
  title={Visual prompt tuning},
  author={Jia, Menglin and Tang, Luming and Chen, Bor-Chun and Cardie, Claire and Belongie, Serge and Hariharan, Bharath and Lim, Ser-Nam},
  booktitle={European Conference on Computer Vision},
  pages={709--727},
  year={2022},
  organization={Springer}
}

@inproceedings{2022CLIPSeg,
  title={Image segmentation using text and image prompts},
  author={L{\"u}ddecke, Timo and Ecker, Alexander},
  booktitle={Proceedings of the IEEE/CVF Conference on Computer Vision and Pattern Recognition},
  pages={7086--7096},
  year={2022}
}

@inproceedings{2018GN,
  title={Group normalization},
  author={Wu, Yuxin and He, Kaiming},
  booktitle={Proceedings of the European conference on computer vision (ECCV)},
  pages={3--19},
  year={2018}
}

@inproceedings{2015UNet,
  title={U-net: Convolutional networks for biomedical image segmentation},
  author={Ronneberger, Olaf and Fischer, Philipp and Brox, Thomas},
  booktitle={Medical Image Computing and Computer-Assisted Intervention--MICCAI 2015: 18th International Conference, Munich, Germany, October 5-9, 2015, Proceedings, Part III 18},
  pages={234--241},
  year={2015},
  organization={Springer}
}

@inproceedings{hoffmann2022ranking,
  title={Ranking info noise contrastive estimation: Boosting contrastive learning via ranked positives},
  author={Hoffmann, David T and Behrmann, Nadine and Gall, Juergen and Brox, Thomas and Noroozi, Mehdi},
  booktitle={Proceedings of the AAAI Conference on Artificial Intelligence},
  volume={36},
  number={1},
  pages={897--905},
  year={2022}
}
@inproceedings{moon2023query,
  title={Query-dependent video representation for moment retrieval and highlight detection},
  author={Moon, WonJun and Hyun, Sangeek and Park, SangUk and Park, Dongchan and Heo, Jae-Pil},
  booktitle={Proceedings of the IEEE/CVF Conference on Computer Vision and Pattern Recognition},
  pages={23023--23033},
  year={2023}
}

@inproceedings{nag2022zero,
  title={Zero-shot temporal action detection via vision-language prompting},
  author={Nag, Sauradip and Zhu, Xiatian and Song, Yi-Zhe and Xiang, Tao},
  booktitle={European Conference on Computer Vision},
  pages={681--697},
  year={2022},
  organization={Springer}
}

@article{jiang2023clip,
  title={CLIP-Count: Towards Text-Guided Zero-Shot Object Counting},
  author={Jiang, Ruixiang and Liu, Lingbo and Chen, Changwen},
  journal={arXiv preprint arXiv:2305.07304},
  year={2023}
}