@inproceedings{talmon2019framework,
  title={A framework for approval-based budgeting methods},
  author={Talmon, Nimrod and Faliszewski, Piotr},
  booktitle={AAAI Conference on Artificial Intelligence},
  year={2019}
}

@inproceedings{peters2020proportionality,
  title={Proportionality and the limits of welfarism},
  author={Peters, Dominik and Skowron, Piotr},
  booktitle={21st ACM Conference on Economics and Computation (ACM-EC-2021)},
  year={2020}
}

@article{peters2020proportional,
  title={Proportional Participatory Budgeting with Cardinal Utilities},
  author={Peters, Dominik and Pierczy{\'n}ski, Grzegorz and Skowron, Piotr},
  journal={arXiv preprint arXiv:2008.13276},
  year={2020}
}

@article{sanchez2017monotonicity,
  title={Monotonicity axioms in approval-based multi-winner voting rules},
  author={S{\'a}nchez-Fern{\'a}ndez, Luis and Fisteus, Jes{\'u}s A},
  journal={arXiv preprint arXiv:1710.04246},
  year={2017}
}

@inproceedings{aziz2017proportionally,
  title={Proportionally representative participatory budgeting: Axioms and algorithms},
  author={Aziz, Haris and Lee, Barton and Talmon, Nimrod},
  booktitle={17th 
  AAMAS},
  year={2021}
}

@article{goel2019knapsack,
  title={Knapsack voting for participatory budgeting},
  author={Goel, Ashish and Krishnaswamy, Anilesh K and Sakshuwong, Sukolsak and Aitamurto, Tanja},
  journal={ACM Transactions on Economics and Computation (TEAC)},
  year={2019},
  publisher={ACM New York, NY, USA}
}


@article{aziz2020expanding,
  title={The expanding approvals rule: improving proportional representation and monotonicity},
  author={Aziz, Haris and Lee, Barton E},
  journal={Social Choice and Welfare},
  year={2020},
  publisher={Springer}
}

@article{skowron2020participatory,
  title={Participatory Budgeting with Cumulative Votes},
  author={Skowron, Piotr and Slinko, Arkadii and Szufa, Stanis{\l}aw and Talmon, Nimrod},
  journal={arXiv preprint arXiv:2009.02690},
  year={2020}
}

@inproceedings{sanchez2017proportional,
  title={Proportional justified representation},
  author={S{\'a}nchez-Fern{\'a}ndez, Luis and Elkind, Edith and Lackner, Martin and Fern{\'a}ndez, Norberto and Fisteus, Jes{\'u}s and Val, Pablo Basanta and Skowron, Piotr},
  booktitle={AAAI Conference on Artificial Intelligence},
  year={2017}
}

@article{aziz2017justified,
  title={Justified representation in approval-based committee voting},
  author={Aziz, Haris and Brill, Markus and Conitzer, Vincent and Elkind, Edith and Freeman, Rupert and Walsh, Toby},
  journal={Social Choice and Welfare},
  year={2017},
  publisher={Springer}
}

@article{thiele1895om,
  title={Om flerfoldsvalg},
  author={Thiele, Thorvald N},
  journal={Oversigt over det Kongelige Danske Videnskabernes Selskabs Forhandlinger},
  year={1895}
}
@article{blumrosen2007combinatorial,
  title={Combinatorial auctions},
  author={Blumrosen, Liad and Nisan, Noam},
  journal={Algorithmic game theory},
  year={2007}
}

@incollection{aziz2021participatory,
  title={Participatory budgeting: Models and approaches},
  author={Aziz, Haris and Shah, Nisarg},
  booktitle={Pathways Between Social Science and Computational Social Science},
  year={2021},
  publisher={Springer}
}

@inproceedings{fain2016core,
  title={The core of the participatory budgeting problem},
  author={Fain, Brandon and Goel, Ashish and Munagala, Kamesh},
  booktitle={International Conference on Web Information Engineering (ICWIE)},
  year={2016},
  organization={Springer}
}

@inproceedings{fain2018fair,
  title={Fair allocation of indivisible public goods},
  author={Fain, Brandon and Munagala, Kamesh and Shah, Nisarg},
  booktitle={2018 ACM Conference on Economics and Computation (ACM-EC-2018)},
  year={2018}
}

@article{cabannes2004participatory,
  title={Participatory budgeting: a significant contribution to participatory democracy},
  author={Cabannes, Yves},
  journal={Environment and urbanization},
  year={2004},
  publisher={Sage Publications Sage CA: Thousand Oaks, CA}
}

@article{pape2016budgeting,
  title={Budgeting for equity: How can participatory budgeting advance equity in the United States?},
  author={Pape, Madeleine and Lerner, Josh},
  journal={Journal of Public Deliberation},
  year={2016},
  publisher={Institute for Civic Discourse and Democracy}
}

@article{su2017porto,
  title={From Porto Alegre to New York City: Participatory Budgeting and Democracy},
  author={Su, Celina},
  journal={New Political Science},
  year={2017},
  publisher={Taylor \& Francis}
}


@article{sintomer2008porto,
  title={From Porto Alegre to Europe: potentials and limitations of participatory budgeting},
  author={Sintomer, Yves and Herzberg, Carsten and R{\"o}cke, Anja},
  journal={International Journal of Urban and Regional Research},
  year={2008}
}

@inproceedings{jain2020participatory,
  title={Participatory budgeting with project interactions},
  author={Jain, Pallavi and Sornat, Krzysztof and Talmon, Nimrod},
  booktitle={29th International Joint Conference on Artificial Intelligence (IJCAI)},
  year={2020}
}

@inproceedings{michorzewski2020price,
  title={Price of fairness in budget division and probabilistic social choice},
  author={Michorzewski, Marcin and Peters, Dominik and Skowron, Piotr},
  booktitle={AAAI Conference on Artificial Intelligence},
  year={2020}
}

@inproceedings{skowron2021proportionality,
  title={Proportionality degree of multiwinner rules},
  author={Skowron, Piotr},
  booktitle={22nd ACM Conference on Economics and Computation},
  year={2021}
}

@article{lackner2020utilitarian,
  title={Utilitarian welfare and representation guarantees of approval-based multiwinner rules},
  author={Lackner, Martin and Skowron, Piotr},
  journal={Artificial Intelligence},
  year={2020},
  publisher={Elsevier}
}

@inproceedings{fluschnik2019fair,
  title={Fair knapsack},
  author={Fluschnik, Till and Skowron, Piotr and Triphaus, Mervin and Wilker, Kai},
  booktitle={AAAI},
  year={2019}
}

@article{benade2020preference,
  title={Preference elicitation for participatory budgeting},
  author={Benade, Gerdus and Nath, Swaprava and Procaccia, Ariel D and Shah, Nisarg},
  journal={Management Science},
  year={2020},
  publisher={INFORMS}
}

@inproceedings{jain2021partition,
  title={Partition Aggregation for Participatory Budgeting},
  author={Jain, Pallavi and Talmon, Nimrod and Bulteau, Laurent},
  booktitle={20th 
  AAMAS},
  year={2021}
}

@inproceedings{fairstein2022welfare,
  title={Welfare vs. Representation in Participatory Budgeting},
  author={Fairstein, Roy and Reshef, Meir and Vilenchik, Dan and Gal, Kobi},
  booktitle={22th 
  AAMAS},
  year={2022},
}

@inproceedings{bhawalkar2011welfare,
  title={Welfare guarantees for combinatorial auctions with item bidding},
  author={Bhawalkar, Kshipra and Roughgarden, Tim},
  booktitle={twenty-second annual ACM-SIAM symposium on Discrete Algorithms},
  year={2011},
  organization={SIAM}
}

@inproceedings{chaudhury2021fair,
  title={Fair and efficient allocations under subadditive valuations},
  author={Chaudhury, Bhaskar Ray and Garg, Jugal and Mehta, Ruta},
  booktitle={AAAI Conference on Artificial Intelligence},
  year={2021}
}
