@ARTICLE{Fortunato2010,
  author  = {Fortunato, S.},
  title   = {Community detection in graphs},
  journal = {Phys. Rep.-Rev. Sec. Phys. Lett.}, 
  volume  = {486},
  year    = {2010},
  pages   = {75-174}
}
@inproceedings{fbnet,
  title={Fbnet: Hardware-aware efficient convnet design via differentiable neural architecture search},
  author={Wu, Bichen and Dai, Xiaoliang and Zhang, Peizhao and Wang, Yanghan and Sun, Fei and Wu, Yiming and Tian, Yuandong and Vajda, Peter and Jia, Yangqing and Keutzer, Kurt},
  booktitle={Proceedings of the IEEE Conference on Computer Vision and Pattern Recognition},
  pages={10734--10742},
  year={2019}
}
@inproceedings{mnasnet,
  title={Mnasnet: Platform-aware neural architecture search for mobile},
  author={Tan, Mingxing and Chen, Bo and Pang, Ruoming and Vasudevan, Vijay and Sandler, Mark and Howard, Andrew and Le, Quoc V},
  booktitle={Proceedings of the IEEE Conference on Computer Vision and Pattern Recognition},
  pages={2820--2828},
  year={2019}
}
@article{automl,
  title={Automated Machine Learning: Methods, Systems, Challenges},
  author={Frank Hutter and Lars Kotthoff and Joaquin Vanschoren},
  journal={Automated Machine Learning},
  year={2019}
}

@article{automl_survey,
    title={AutoML: A Survey of the State-of-the-Art},
    author={Xin He and Kaiyong Zhao and Xiaowen Chu},
    journal={Knowledge-Based Systems},
    volume={212},
    pages={106622},
    year={2021},
    issn={0950-7051},
    doi={https://doi.org/10.1016/j.knosys.2020.106622},
    url={http://www.sciencedirect.com/science/article/pii/S0950705120307516}
}
@article{nas_survey,
  title={Neural architecture search: A survey},
  author={Elsken, Thomas and Metzen, Jan Hendrik and Hutter, Frank},
  journal={arXiv preprint arXiv:1808.05377},
  year={2018}
}
@article{pnas_liu18,
  title={Progressive neural architecture search},
  author={Liu, Chenxi and Zoph, Barret and Neumann, Maxim and Shlens, Jonathon and Hua, Wei and Li, Li-Jia and Fei-Fei, Li and Yuille, Alan and Huang, Jonathan and Murphy, Kevin},
  journal={Proceedings of the European Conference on Computer Vision (ECCV)},
  pages={19--34},
  year={2018}
}
@inproceedings{amoebanet,
  title={Regularized evolution for image classifier architecture search},
  author={Real, Esteban and Aggarwal, Alok and Huang, Yanping and Le, Quoc V},
  booktitle={Proceedings of the aaai conference on artificial intelligence},
  volume={33},
  pages={4780--4789},
  year={2019}
}
@article{densenet3d,
  title={Temporal 3d convnets: New architecture and transfer learning for video classification},
  author={Diba, Ali and Fayyaz, Mohsen and Sharma, Vivek and Karami, Amir Hossein and Arzani, Mohammad Mahdi and Yousefzadeh, Rahman and Van Gool, Luc},
  journal={arXiv preprint arXiv:1711.08200},
  year={2017}
}
@article{relu6,
  title={Efficient convolutional neural networks for mobile vision applications},
  author={Howard, Andrew G and Zhu, Menglong and Chen, Bo and Kalenichenko, Dmitry and Wang, Weijun and Weyand, Tobias and Andreetto, Marco and Mobilenets, H Adam},
  journal={arXiv preprint arXiv:1704.04861},
  year={2017}
}
@article{nas2016,
  title={Neural architecture search with reinforcement learning},
  author={Zoph, Barret and Le, Quoc V},
  journal={arXiv preprint arXiv:1611.01578},
  year={2016}
}
@inproceedings{nasnet_zoph17,
  title={Learning transferable architectures for scalable image recognition},
  author={Zoph, Barret and Vasudevan, Vijay and Shlens, Jonathon and Le, Quoc V},
  booktitle={Proceedings of the IEEE conference on computer vision and pattern recognition},
  pages={8697--8710},
  year={2018}
}
@article{evaluate_nas,
  title={Evaluating the search phase of neural architecture search},
  author={Sciuto, Christian and Yu, Kaicheng and Jaggi, Martin and Musat, Claudiu and Salzmann, Mathieu},
  journal={arXiv preprint arXiv:1902.08142},
  year={2019}
}
@article{enas,
  title={Efficient neural architecture search via parameter sharing},
  author={Pham, Hieu and Guan, Melody Y and Zoph, Barret and Le, Quoc V and Dean, Jeff},
  journal={arXiv preprint arXiv:1802.03268},
  year={2018}
}
@article{random_nas,
  title={Random search and reproducibility for neural architecture search},
  author={Li, Liam and Talwalkar, Ameet},
  journal={arXiv preprint arXiv:1902.07638},
  year={2019}
}
@inproceedings{mobilenetv2,
  title={Mobilenetv2: Inverted residuals and linear bottlenecks},
  author={Sandler, Mark and Howard, Andrew and Zhu, Menglong and Zhmoginov, Andrey and Chen, Liang-Chieh},
  booktitle={Proceedings of the IEEE conference on computer vision and pattern recognition},
  pages={4510--4520},
  year={2018}
}
@misc{mobilenet,
    title={MobileNets: Efficient Convolutional Neural Networks for Mobile Vision Applications},
    author={Andrew G. Howard and Menglong Zhu and Bo Chen and Dmitry Kalenichenko and Weijun Wang and Tobias Weyand and Marco Andreetto and Hartwig Adam},
    year={2017},
    eprint={1704.04861},
    archivePrefix={arXiv},
    primaryClass={cs.CV}
}
@misc{videoresnet,
    title={A Closer Look at Spatiotemporal Convolutions for Action Recognition},
    author={Du Tran and Heng Wang and Lorenzo Torresani and Jamie Ray and Yann LeCun and Manohar Paluri},
    year={2017},
    eprint={1711.11248},
    archivePrefix={arXiv},
    primaryClass={cs.CV}
}
@inproceedings{scalableNAS,
  title={Scalable neural architecture search for 3d medical image segmentation},
  author={Kim, Sungwoong and Kim, Ildoo and Lim, Sungbin and Baek, Woonhyuk and Kim, Chiheon and Cho, Hyungjoo and Yoon, Boogeon and Kim, Taesup},
  booktitle={International Conference on Medical Image Computing and Computer-Assisted Intervention},
  pages={220--228},
  year={2019},
  organization={Springer}
}
@inproceedings{deng2009imagenet,
  title={Imagenet: A large-scale hierarchical image database},
  author={Deng, Jia and Dong, Wei and Socher, Richard and Li, Li-Jia and Li, Kai and Fei-Fei, Li},
  booktitle={2009 IEEE conference on computer vision and pattern recognition},
  pages={248--255},
  year={2009},
  organization={IEEE}
}
@inproceedings{cam,
  title={Learning deep features for discriminative localization},
  author={Zhou, Bolei and Khosla, Aditya and Lapedriza, Agata and Oliva, Aude and Torralba, Antonio},
  booktitle={Proceedings of the IEEE conference on computer vision and pattern recognition},
  pages={2921--2929},
  year={2016}
}
@article{cell_covid,
  title={Clinically Applicable {AI} System for Accurate Diagnosis, Quantitative Measurements, and Prognosis of COVID-19 Pneumonia Using Computed Tomography},
  author={Zhang, Kang and Liu, Xiaohong and Shen, Jun and Li, Zhihuan and Sang, Ye and Wu, Xingwang and Zha, Yunfei and Liang, Wenhua and Wang, Chengdi and Wang, Ke and others},
  journal={Cell},
  year={2020},
  publisher={Elsevier}
}
@inproceedings{3dmodels,
  title={Can spatiotemporal {3D CNNs} retrace the history of {2D CNNs} and {ImageNet}?},
  author={Hara, Kensho and Kataoka, Hirokatsu and Satoh, Yutaka},
  booktitle={Proceedings of the IEEE conference on Computer Vision and Pattern Recognition},
  pages={6546--6555},
  year={2018}
}
@inproceedings{DenseNet,
  title={Densely connected convolutional networks},
  author={Huang, Gao and Liu, Zhuang and Van Der Maaten, Laurens and Weinberger, Kilian Q},
  booktitle={Proceedings of the IEEE conference on computer vision and pattern recognition},
  pages={4700--4708},
  year={2017}
}
@inproceedings{ResNet,
  title={Deep residual learning for image recognition},
  author={He, Kaiming and Zhang, Xiangyu and Ren, Shaoqing and Sun, Jian},
  booktitle={Proceedings of the IEEE conference on computer vision and pattern recognition},
  pages={770--778},
  year={2016}
}
@inproceedings{ResNeXt,
  title={Aggregated residual transformations for deep neural networks},
  author={Xie, Saining and Girshick, Ross and Doll{\'a}r, Piotr and Tu, Zhuowen and He, Kaiming},
  booktitle={Proceedings of the IEEE conference on computer vision and pattern recognition},
  pages={1492--1500},
  year={2017}
}
@article{adam,
  title={Adam: A Method for Stochastic Optimization},
  author={Diederik P. Kingma and Jimmy Ba},
  year={2015},
  journal={arXiv preprint arXiv:1412.6980},
}
@misc{cosineannealinglr,
    title={SGDR: Stochastic Gradient Descent with Warm Restarts},
    author={Ilya Loshchilov and Frank Hutter},
    year={2016},
    journal={arXiv preprint arXiv:1608.03983},
    eprint={1608.03983},
    archivePrefix={arXiv},
    primaryClass={cs.LG}
}
@misc{mixup,
    title={mixup: Beyond Empirical Risk Minimization},
    author={Hongyi Zhang and Moustapha Cisse and Yann N. Dauphin and David Lopez-Paz},
    year={2017},
    eprint={1710.09412},
    archivePrefix={arXiv},
    primaryClass={cs.LG}
}

@misc{jcs_mixup,
    title={JCS: An Explainable COVID-19 Diagnosis System by Joint Classification and Segmentation},
    author={Yu-Huan Wu and Shang-Hua Gao and Jie Mei and Jun Xu and Deng-Ping Fan and Chao-Wei Zhao and Ming-Ming Cheng},
    year={2020},
    eprint={2004.07054},
    archivePrefix={arXiv},
    primaryClass={eess.IV}
}
@article{who_covid,
  title={Naming the coronavirus disease (COVID-19) and the virus that causes it},
  author={WHO},
  journal={World Health Organization. https://www.who.int/emergencies/diseases/novel-coronavirus-2019/technical-guidance/naming-the-coronavirus-disease-(covid-2019)-and-the-virus-that-causes-it},
  year={2020}
}
@article{who_qa_covid,
  title={Q\&a on Coronaviruses (COVID-19)},
  author={World Health Organization},
  journal={World Health Organization},
  year={2020}
}
@article{who_wou,
title={Weekly Operational Update on COVID-19 on 4 September 2020},
    author={WHO},
    journal={World Health Organization},
    url={https://www.who.int/docs/default-source/coronaviruse/situation-reports/wou-4-september-2020-approved.pdf},
    year={2020}
}
@article{who_report,
title={COVID-19 Situation Report - 132},
    author={WHO},
    journal={World Health Organization},
    url={https://www.who.int/docs/default-source/coronaviruse/situation-reports/20200531-covid-19-sitrep-132.pdf},
    year={2020}
}
@article{corr_ct_pcr,
  title={Correlation of chest CT and RT-PCR Testing in Coronavirus Disease 2019 (COVID-19) in China: a Report of 1014 Cases},
  author={Ai, Tao and Yang, Zhenlu and Hou, Hongyan and Zhan, Chenao and Chen, Chong and Lv, Wenzhi and Tao, Qian and Sun, Ziyong and Xia, Liming},
  journal={Radiology},
  pages={200642},
  year={2020},
  publisher={Radiological Society of North America}
}

@article{Alom,
    title={COVID\_{MTNet}: COVID-19 Detection with Multi-Task Deep Learning Approaches},
    author={Md Zahangir Alom and M M Shaifur Rahman and Mst Shamima Nasrin and Tarek M. Taha and Vijayan K. Asari},
    year={2020},
    journal={arXiv preprint arXiv:2004.03747},
    eprint={2004.03747},
    archivePrefix={arXiv},
    primaryClass={eess.IV}
}

@article{Ardakani2020,
author = {Ardakani, Ali Abbasian and Kanafi, Alireza Rajabzadeh and Acharya, U Rajendra and Khadem, Nazanin and Mohammadi, Afshin},
doi = {https://doi.org/10.1016/j.compbiomed.2020.103795},
issn = {0010-4825},
journal = {Computers in Biology and Medicine},
keywords = {COVID-19,Computed tomography,Coronavirus infections,Deep learning,Lung diseases,Machine learning,Pneumonia},
mendeley-groups = {COVID-19},
number = {March},
pages = {103795},
publisher = {Elsevier Ltd},
title = {{Application of deep learning technique to manage COVID-19 in routine clinical practice using CT images: Results of 10 convolutional neural networks}},
url = {http://www.sciencedirect.com/science/article/pii/S0010482520301645},
volume = {121},
year = {2020}
}

@article{Ghoshal2020,
archivePrefix = {arXiv},
arxivId = {2003.10769},
author = {Ghoshal, Biraja and Tucker, Allan},
eprint = {2003.10769},
journal={arXiv preprint arXiv:2003.10769},
mendeley-groups = {COVID-19},
pages = {1--14},
title = {{Estimating Uncertainty and Interpretability in Deep Learning for Coronavirus (COVID-19) Detection}},
url = {http://arxiv.org/abs/2003.10769},
year = {2020}
}


@article {He2020,
	author = {He, Xuehai and Yang, Xingyi and Zhang, Shanghang and Zhao, Jinyu and Zhang, Yichen and Xing, Eric and Xie, Pengtao},
	title = {Sample-Efficient Deep Learning for COVID-19 Diagnosis Based on CT Scans},
	elocation-id = {2020.04.13.20063941},
	year = {2020},
	doi = {10.1101/2020.04.13.20063941},
	publisher = {Cold Spring Harbor Laboratory Press},
	URL = {https://www.medrxiv.org/content/early/2020/04/17/2020.04.13.20063941},
	eprint = {https://www.medrxiv.org/content/early/2020/04/17/2020.04.13.20063941.full.pdf},
	journal = {medRxiv}
}

@article{li2020artificial,
  title={Artificial intelligence distinguishes COVID-19 from community acquired pneumonia on chest CT},
  author={Li, Lin and Qin, Lixin and Xu, Zeguo and Yin, Youbing and Wang, Xin and Kong, Bin and Bai, Junjie and Lu, Yi and Fang, Zhenghan and Song, Qi and others},
  journal={Radiology},
  pages={200905},
  year={2020},
  publisher={Radiological Society of North America}
}


@article{Mobiny2020,
archivePrefix = {arXiv},
arxivId = {2004.07407},
journal={arXiv preprint arXiv:2004.07407},
author = {Mobiny, Aryan and Cicalese, Pietro Antonio and Zare, Samira and Yuan, Pengyu and Abavisani, Mohammadsajad and Wu, Carol C. and Ahuja, Jitesh and de Groot, Patricia M. and {Van Nguyen}, Hien},
eprint = {2004.07407},
file = {:C$\backslash$:/Users/shwang/Downloads/2004.07407v1.pdf:pdf},
mendeley-groups = {COVID-19},
title = {{Radiologist-Level COVID-19 Detection Using CT Scans with Detail-Oriented Capsule Networks}},
url = {http://arxiv.org/abs/2004.07407},
year = {2020}
}

@article{Narin2020,
archivePrefix = {arXiv},
arxivId = {2003.10849},
author = {Narin, Ali and Kaya, Ceren and Pamuk, Ziynet},
eprint = {2003.10849},
journal={arXiv preprint arXiv:2003.10849},
mendeley-groups = {COVID-19},
title = {{Automatic Detection of Coronavirus Disease (COVID-19) Using X-ray Images and Deep Convolutional Neural Networks}},
url = {http://arxiv.org/abs/2003.10849},
year = {2020}
}

@article{Singh2020,
author = {Singh, D and Kumar, V and Vaishali and Kaur, M},
doi = {10.1007/s10096-020-03901-z},
file = {:C$\backslash$:/Users/shwang/Downloads/Singh2020{\_}Article{\_}ClassificationOfCOVID-19Patien.pdf:pdf},
issn = {0934-9723},
journal = {European journal of clinical microbiology {\&} infectious diseases : official publication of European Society of Clinical Microbiology},
keywords = {Chest CT Convolutional neural networks Coronavirus},
mendeley-groups = {COVID-19},
publisher = {European Journal of Clinical Microbiology {\&} Infectious Diseases},
title = {{Classification of COVID-19 patients from chest CT images using multi-objective differential evolution-based convolutional neural networks}},
year = {2020}
}



@article{Zhang2020,
arxivId = {2003.12338},
author = {Zhang, Jianpeng and Xie, Yutong and Li, Yi and Shen, Chunhua and Xia, Yong},
eprint = {2003.12338},
journal={arXiv preprint arXiv:2003.12338},
mendeley-groups = {COVID-19},
title = {{COVID-19 Screening on Chest X-ray Images Using Deep Learning based Anomaly Detection}},
url = {http://arxiv.org/abs/2003.12338},
year = {2020}
}
@article{Zheng2020,
  title={Deep Learning-based Detection for COVID-19 from Chest CT using Weak Label},
  author={Chuansheng Zheng and Xian-bo Deng and Q. Fu and Qiang Zhou and Jiapei Feng and H. Ma and Wenyu Liu and Xinggang Wang},
  journal={medRxiv},
  year={2020}
}
@article{Litjens2017,
archivePrefix = {arXiv},
arxivId = {arXiv:1702.05747v2},
author = {Litjens, Geert and Kooi, Thijs and Bejnordi, Babak Ehteshami and Setio, Arnaud Arindra Adiyoso and Ciompi, Francesco and Ghafoorian, Mohsen and van der Laak, Jeroen A.W.M. and van Ginneken, Bram and S{\'{a}}nchez, Clara I.},
doi = {10.1016/j.media.2017.07.005},
eprint = {arXiv:1702.05747v2},
journal = {Medical Image Analysis},
keywords = {Convolutional neural networks,Deep learning,Medical imaging,Survey},
mendeley-groups = {COVID-19},
number = {1995},
pages = {60--88},
pmid = {28778026},
title = {{A survey on deep learning in medical image analysis}},
volume = {42},
year = {2017}
}

@article{Shi2020,
arxivId = {2004.02731},
author = {Shi, Feng and Wang, Jun and Shi, Jun and Wu, Ziyan and Wang, Qian and Tang, Zhenyu and He, Kelei and Shi, Yinghuan and Shen, Dinggang},
doi = {10.1109/RBME.2020.2987975},
eprint = {2004.02731},
journal = {IEEE Reviews in Biomedical Engineering},
keywords = {Artificial intelligence,Biomedical imaging,COVID-19,Computed tomography,Image segmentation,Three-dimensional displays,X-ray imaging,artificial intelligence,diagnosis,image acquisition,segmentation},
mendeley-groups = {COVID-19},
pages = {1--11},
title = {{Review of Artificial Intelligence Techniques in Imaging Data Acquisition, Segmentation and Diagnosis for COVID-19}},
year = {2020}
}

@article{cohen2020covid,
  title={COVID-19 image data collection},
  author={Joseph Paul Cohen and Paul Morrison and Lan Dao},
  journal={arXiv preprint 2003.11597},
  url={https://github.com/ieee8023/covid-chestxray-dataset},
  year={2020}
}

@misc{zhao2020covidctdataset,
    title={COVID-CT-Dataset: A CT Scan Dataset about COVID-19},
    author={Jinyu Zhao and Xuehai He and Xingyi Yang and Yichen Zhang and Shanghang Zhang and Pengtao Xie},
    year={2020},
    eprint={2003.13865},
    archivePrefix={arXiv},
    primaryClass={cs.LG}
}

@article{COVID-19-SegBenchmark,
  title={Towards Efficient COVID-19 CT Annotation: A Benchmark for Lung and Infection Segmentation},
  author={Ma Jun and Wang Yixin and An Xingle and Ge Cheng and Yu Ziqi and Chen Jianan and Zhu Qiongjie and Dong Guoqiang and h  e Jian and He Zhiqiang and Ni Ziwei and Yang Xiaoping},
  journal={arXiv preprint arXiv:2004.12537},
  year={2020}
}

@dataset{COVID-19-CT-Seg-Dataset,
  title = {COVID-19 CT Lung and Infection Segmentation Dataset},
  author={Ma Jun and Ge Cheng and Wang Yixin and An Xingle and Gao Jiantao and Yu Ziqi and Zhang Minqing and Liu Xin and Deng Xueyuan and Cao Shucheng and Wei Hao and Mei Sen and Yang Xiaoyu and Nie Ziwei and Li Chen and Tian Lu and Zhu Yuntao and Zhu Qiongjie and Dong Guoqiang and He Jian},
  year= {2020},
  journal= {Zenodo},
  version= {1.0},
  doi= {10.5281/zenodo.3757476},
  url= {https://doi.org/10.5281/zenodo.3757476}
}

@article{chin2020stability,
  title={Stability of {SARS-CoV-2} in different environmental conditions},
  author={Chin, Alex and Chu, Julie and Perera, Mahen and Hui, Kenrie and Yen, Hui-Ling and Chan, Michael and Peiris, Malik and Poon, Leo},
  journal={medRxiv},
  year={2020},
  publisher={Cold Spring Harbor Laboratory Press}
}
@article{Faes2019,
author = {Faes, Livia and Wagner, Siegfried and Fu, Dun and Liu, Xiaoxuan and Korot, Edward and Ledsam, Joseph and Back, Trevor and Chopra, Reena and Pontikos, Nikolas and Kern, Christoph and Moraes, Gabriella and Schmid, Martin and Sim, Dawn and Balaskas, Konstantinos and Bachmann, Lucas and Denniston, Alastair and Keane, Pearse},
year = {2019},
month = {09},
pages = {e232-e242},
title = {Automated deep learning design for medical image classification by health-care professionals with no coding experience: a feasibility study},
volume = {1},
journal = {The Lancet Digital Health},
doi = {10.1016/S2589-7500(19)30108-6}
}

@article{loshchilov2016sgdr,
  title={{SGDR}: Stochastic gradient descent with warm restarts},
  author={Loshchilov, Ilya and Hutter, Frank},
  journal={International Conference on Learning Representations (ICLR)},
  year={2017}
}

# NAS
@article{Gumbel_Softmax,
  title={Categorical Reparameterization with Gumbel-Softmax},
  author={Eric Jang and Shixiang Gu and Ben Poole},
  journal={arXiv},
  year={2017},
  volume={1611.01144}
}
@article{gdas,
   title={Searching for a Robust Neural Architecture in Four GPU Hours},
   ISBN={9781728132938},
   url={http://dx.doi.org/10.1109/CVPR.2019.00186},
   DOI={10.1109/cvpr.2019.00186},
   journal={2019 IEEE/CVF Conference on Computer Vision and Pattern Recognition (CVPR)},
   publisher={IEEE},
   author={Dong, Xuanyi and Yang, Yi},
   year={2019},
   month={Jun}
}
@inproceedings{
darts,
title={{DARTS}: Differentiable Architecture Search},
author={Hanxiao Liu and Karen Simonyan and Yiming Yang},
booktitle={International Conference on Learning Representations},
year={2019},
url={https://openreview.net/forum?id=S1eYHoC5FX},
}
@article {mosmeddata,
	author = {Morozov, Sergey and Andreychenko, Anna and Pavlov, Nikolay and Vladzymyrskyy, Anton and Ledikhova, Natalya and Gombolevskiy, Victor and Blokhin, Ivan and Gelezhe, Pavel and Gonchar, Anna and Chernina, Valeria and Babkin, Vladimir},
	title = {MosMedData: Chest CT Scans with COVID-19 Related Findings},
	elocation-id = {2020.05.20.20100362},
	year = {2020},
	doi = {10.1101/2020.05.20.20100362},
	publisher = {Cold Spring Harbor Laboratory Press},
	URL = {https://www.medrxiv.org/content/early/2020/05/22/2020.05.20.20100362},
	eprint = {https://www.medrxiv.org/content/early/2020/05/22/2020.05.20.20100362.full.pdf},
	journal = {medRxiv}
}
@article {covid-ctset,
   author = {Rahimzadeh, Mohammad and Attar, Abolfazl and Sakhaei, Seyed Mohammad},
   title = {A Fully Automated Deep Learning-based Network For Detecting COVID-19 from a New And Large Lung CT Scan Dataset},
   year = {2020},
   doi = {10.1101/2020.06.08.20121541},
   publisher = {Cold Spring Harbor Laboratory Press},
   URL = {https://www.medrxiv.org/content/early/2020/06/12/2020.06.08.20121541},
   journal = {medRxiv}
}
@article{radio-chestCT,
  title={Performance of radiologists in differentiating COVID-19 from non-COVID-19 viral pneumonia at chest CT},
  author={Bai, Harrison X and Hsieh, Ben and Xiong, Zeng and Halsey, Kasey and Choi, Ji Whae and Tran, Thi My Linh and Pan, Ian and Shi, Lin-Bo and Wang, Dong-Cui and Mei, Ji and others},
  journal={Radiology},
  volume={296},
  number={2},
  pages={E46--E54},
  year={2020},
  publisher={Radiological Society of North America}
}

@article{nin,
author = {Lin, Min and Chen, Qiang and Yan, Shuicheng},
year = {2013},
month = {12},
pages = {},
title = {Network In Network}
}
