@inproceedings{stern2019multiagent,
  author    = {Roni Stern and
               Nathan R. Sturtevant and
               Ariel Felner and
               Sven Koenig and
               Hang Ma and
               Thayne T. Walker and
               Jiaoyang Li and
               Dor Atzmon and
               Liron Cohen and
               T. K. Satish Kumar and
               Roman Bart{\'{a}}k and
               Eli Boyarski},
  title     = {Multi-Agent Pathfinding: Definitions, Variants, and Benchmarks},
  booktitle = {the International Symposium on Combinatorial
               Search ({SOCS})},
  pages     = {151--159},
  year      = {2019}
}

@article{sturtevant2012benchmarks,
  title={Benchmarks for grid-based pathfinding},
  author={Sturtevant, Nathan R},
  journal={IEEE Transactions on Computational Intelligence and AI in Games},
  volume={4},
  number={2},
  pages={144--148},
  year={2012},
  publisher={IEEE}
}

@article{schmee1979simple,
  title={A simple method for regression analysis with censored data},
  author={Schmee, Josef and Hahn, Gerald J},
  journal={Technometrics},
  volume={21},
  number={4},
  pages={417--432},
  year={1979},
  publisher={Taylor \& Francis}
}

@article{sigurdson2019deep,
  author    = {Devon Sigurdson and
               Vadim Bulitko and
               Sven Koenig and
               Carlos Hern{\'{a}}ndez and
               William Yeoh},
  title     = {Automatic Algorithm Selection In Multi-agent Pathfinding},
  journal   = {CoRR},
  year      = {2019},
  url       = {http://arxiv.org/abs/1906.03992},
}

@inproceedings{sigurdson2017deep,
  title={Deep learning for real-time heuristic search algorithm selection},
  author={Sigurdson, Devon and Bulitko, Vadim},
  booktitle={Thirteenth Artificial Intelligence and Interactive Digital Entertainment Conference},
  year={2017}
}

@article{hutteralgorithm,
  title={Algorithm Runtime Prediction: Methods \& Evaluation},
  author={Hutter, Frank and Xu, Lin and Hoos, Holger H and Leyton-Brown, Kevin}
}

@incollection{rice1976algorithm,
  title={The algorithm selection problem},
  author={Rice, John R},
  booktitle={Advances in computers},
  volume={15},
  pages={65--118},
  year={1976}
}
%,  publisher={Elsevier}

@inproceedings{loreggia2016deep,
  title={Deep learning for algorithm portfolios},
  author={Loreggia, Andrea and Malitsky, Yuri and Samulowitz, Horst and Saraswat, Vijay},
  booktitle={Thirtieth AAAI Conference on Artificial Intelligence},
  year={2016}
}

@article{xu2008satzilla,
  title={SATzilla: portfolio-based algorithm selection for SAT},
  author={Xu, Lin and Hutter, Frank and Hoos, Holger H and Leyton-Brown, Kevin},
  journal={Journal of artificial intelligence research},
  volume={32},
  pages={565--606},
  year={2008}
}


@article{xu2012satzilla2012,
  title={{SATzilla2012}: Improved algorithm selection based on cost-sensitive classification models},
  author={Xu, Lin and Hutter, Frank and Shen, Jonathan and Hoos, Holger H and Leyton-Brown, Kevin},
  journal={Proceedings of SAT Challenge},
  pages={57--58},
  year={2012}
}



@inproceedings{o2008using,
  title={Using case-based reasoning in an algorithm portfolio for constraint solving},
  author={O’Mahony, Eoin and Hebrard, Emmanuel and Holland, Alan and Nugent, Conor and O’Sullivan, Barry},
  booktitle={Irish conference on artificial intelligence and cognitive science},
  pages={210--216},
  year={2008}
}

@article{appi1966formal,
  title={A formal basis for the heuristic determination of minimum cost paths},
  author={Appi, J Math Anal},
  year={1966}
}

@inproceedings{ratner1986finding,
  title={Finding a Shortest Solution for the N$\times$ N Extension of the 15-PUZZLE Is Intractable.},
  author={Ratner, Daniel and Warmuth, Manfred K}
}

@article{silver2005cooperative,
  title={Cooperative Pathfinding.},
  author={Silver, David},
  year={2005}
}

@article{dresner2008multiagent,
  title={A multiagent approach to autonomous intersection management},
  author={Dresner, Kurt and Stone, Peter},
  journal={Journal of artificial intelligence research},
  volume={31},
  pages={591--656},
  year={2008}
}

@article{goldenberg2014enhanced,
  title={Enhanced partial expansion A},
  author={Goldenberg, Meir and Felner, Ariel and Stern, Roni and Sharon, Guni and Sturtevant, Nathan and Holte, Robert C and Schaeffer, Jonathan},
  journal={Journal of Artificial Intelligence Research},
  volume={50},
  pages={141--187},
  year={2014}
}

@inproceedings{standley2010finding,
  title={Finding optimal solutions to cooperative pathfinding problems},
  author={Standley, Trevor Scott},
  booktitle={Twenty-Fourth AAAI Conference on Artificial Intelligence},
  year={2010}
}

@inproceedings{standley2012independence,
  title={Independence Detection for Multi-Agent Pathfinding Problems},
  author={Standley, Trevor Scott},
  booktitle={Workshops at the Twenty-Sixth AAAI Conference on Artificial Intelligence},
  year={2012}
}

@article{sharon2015conflict,
  title={Conflict-based search for optimal multi-agent pathfinding},
  author={Sharon, Guni and Stern, Roni and Felner, Ariel and Sturtevant, Nathan R},
  journal={Artificial Intelligence},
  volume={219},
  pages={40--66},
  year={2015},
  publisher={Elsevier}
}

@article{sharon2012meta,
  title={Meta-Agent Conflict-Based Search For Optimal Multi-Agent Path Finding.},
  author={Sharon, Guni and Stern, Roni and Felner, Ariel and Sturtevant, Nathan R},
  year={2012}
}

@article{sharon2013increasing,
  title={The increasing cost tree search for optimal multi-agent pathfinding},
  author={Sharon, Guni and Stern, Roni and Goldenberg, Meir and Felner, Ariel},
  journal={Artificial Intelligence},
  volume={195},
  pages={470--495},
  year={2013},
  publisher={Elsevier}
}

@article{sanchez2013exploitation,
  title={Exploitation of pairwise class distances for ordinal classification},
  author={S{\'a}nchez-Monedero, Javier and Guti{\'e}rrez, Pedro A and Ti{\v{n}}o, Peter and Herv{\'a}s-Mart{\'\i}nez, C{\'e}sar},
  journal={Neural computation},
  volume={25},
  number={9},
  pages={2450--2485},
  year={2013},
  publisher={MIT Press}
}

@article{gutierrez2015ordinal,
  title={Ordinal regression methods: survey and experimental study},
  author={Gutierrez, Pedro Antonio and Perez-Ortiz, Maria and Sanchez-Monedero, Javier and Fernandez-Navarro, Francisco and Hervas-Martinez, Cesar},
  journal={IEEE Transactions on Knowledge and Data Engineering},
  volume={28},
  number={1},
  pages={127--146},
  year={2015},
  publisher={IEEE}
}

@article{wolpert1997no,
  title={No free lunch theorems for optimization},
  author={Wolpert, David H and Macready, William G and others}
}

@article{brazdil2003ranking,
  title={Ranking learning algorithms: Using IBL and meta-learning on accuracy and time results},
  author={Brazdil, Pavel B and Soares, Carlos and Da Costa, Joaquim Pinto},
  journal={Machine Learning},
  volume={50},
  number={3},
  pages={251--277},
  year={2003},
  publisher={Springer}
}

@article{simonyan2014very,
  title={Very deep convolutional networks for large-scale image recognition},
  author={Simonyan, Karen and Zisserman, Andrew},
  journal={arXiv preprint arXiv:1409.1556},
  year={2014}
}

@inproceedings{lundberg2017unified,
  title={A unified approach to interpreting model predictions},
  author={Lundberg, Scott M and Lee, Su-In},
  booktitle={Advances in Neural Information Processing Systems},
  pages={4765--4774},
  year={2017}
}

@article{du2018techniques,
  title={Techniques for interpretable machine learning},
  author={Du, Mengnan and Liu, Ninghao and Hu, Xia},
  journal={arXiv preprint arXiv:1808.00033},
  year={2018}
}

@article{lundberg2019explainable,
  title={Explainable AI for Trees: From Local Explanations to Global Understanding},
  author={Lundberg, Scott M and Erion, Gabriel and Chen, Hugh and DeGrave, Alex and Prutkin, Jordan M and Nair, Bala and Katz, Ronit and Himmelfarb, Jonathan and Bansal, Nisha and Lee, Su-In},
  journal={arXiv preprint arXiv:1905.04610},
  year={2019}
}

@inproceedings{felner2017search,
  title={Search-Based Optimal Solvers for the Multi-Agent Pathfinding Problem: Summary and Challenges.},
  author={Felner, Ariel and Stern, Roni and Shimony, Solomon Eyal and Boyarski, Eli and Goldenberg, Meir and Sharon, Guni and Sturtevant, Nathan R and Wagner, Glenn and Surynek, Pavel},
  booktitle={Symposium on Combinatorial Search ({SoCS})},
  pages={29--37},
  year={2017}
}


@article{ma2017buzz,
  author    = {Hang Ma and
               Sven Koenig},
  title     = {{AI} buzzwords explained: multi-agent path finding {(MAPF)}},
  journal   = {{AI} Matters},
  volume    = {3},
  number    = {3},
  pages     = {15--19},
  year      = {2017}
}



@inproceedings{DBLP:conf/aaai/Surynek10,
  title={An Optimization Variant of Multi-Robot Path Planning Is Intractable},
  author={Surynek, Pavel},
  booktitle={AAAI},
  year={2010}
}
@inproceedings{DBLP:conf/aaai/YuL13,
  author    = {Jingjin Yu and
               Steven M. LaValle},
  title     = {Structure and Intractability of Optimal Multi-Robot Path
               Planning on Graphs},
  booktitle = {AAAI},
  year      = {2013},
}


@inproceedings{kornhauser1984pebble, 
author={Daniel Kornhauser, Gary Miller, Paul Spirakis}, 
title={Coordinating pebble motion on graphs, the diameter of permutation groups, and applications}, 
booktitle ={FOCS},
pages={241--250},
year={1984}
}



@inproceedings{surynek2019unifying,
  title={Unifying search-based and compilation-based approaches to multi-agent path finding through satisfiability modulo theories},
  author={Surynek, Pavel},
  booktitle={International Joint Conference on Artificial Intelligence (IJCAI)},
  pages={1177--1183},
  year={2019}
}


@inproceedings{erdem2013general,
  title={A general formal framework for pathfinding problems with multiple agents},
  author={Erdem, Esra and Kisa, Doga Gizem and Oztok, Umut and Sch{\"u}ller, Peter},
  booktitle={AAAI},
  year={2013}
}
%booktitle={AAAI Conference on Artificial Intelligence},


@inproceedings{surynek2016efficient,
  title={Efficient SAT approach to multi-agent path finding under the sum of costs objective},
  author={Surynek, Pavel and Felner, Ariel and Stern, Roni and Boyarski, Eli},
  booktitle={European Conference on Artificial Intelligence (ECAI)},
  pages={810--818},
  year={2016}
}


@inproceedings{DBLP:conf/socs/BartakS19,
  author    = {Roman Bart{\'{a}}k and
               Jir{\'{\i}} Svancara},
  title     = {On SAT-Based Approaches for Multi-Agent Path Finding with the Sum-of-Costs
               Objective},
  booktitle = {the International Symposium on Combinatorial Search ({SOCS})},
  pages     = {10--17},
  year      = {2019}
}

@inproceedings{DBLP:conf/ictai/BartakZSBS17,
  author    = {Roman Bart{\'{a}}k and
               Neng{-}Fa Zhou and
               Roni Stern and
               Eli Boyarski and
               Pavel Surynek},
  title     = {Modeling and Solving the Multi-agent Pathfinding Problem in Picat},
  booktitle = {{IEEE} International Conference on Tools with Artificial Intelligence ({ICTAI})},
  pages     = {959--966},
  year      = {2017}
}



@inproceedings{li2019improved,
  title={Improved heuristics for multi-agent path finding with conflict-based search},
  author={Li, Jiaoyang and Felner, Ariel and Boyarski, Eli and Ma, Hang and Koenig, Sven},
  booktitle={International Joint Conference on Artificial Intelligence (IJCAI)},
  pages={442--449},
  year={2019}
}


@incollection{kotthoff2016algorithm,
  title={Algorithm selection for combinatorial search problems: A survey},
  author={Kotthoff, Lars},
  booktitle={Data Mining and Constraint Programming},
  pages={149--190},
  year={2016},
  publisher={Springer}
}


@article{kerschke2019automated,
  title={Automated algorithm selection: Survey and perspectives},
  author={Kerschke, Pascal and Hoos, Holger H and Neumann, Frank and Trautmann, Heike},
  journal={Evolutionary computation},
  volume={27},
  number={1},
  pages={3--45},
  year={2019}
}


@article{hutter2009paramils,
  title={{ParamILS}: an automatic algorithm configuration framework},
  author={Hutter, Frank and Hoos, Holger H and Leyton-Brown, Kevin and St{\"u}tzle, Thomas},
  journal={Journal of Artificial Intelligence Research},
  volume={36},
  pages={267--306},
  year={2009}
}

@inproceedings{chen2016xgboost,
  title={Xgboost: A scalable tree boosting system},
  author={Chen, Tianqi and Guestrin, Carlos},
  booktitle={International Conference on Knowledge Discovery and Data mining (KDD)},
  pages={785--794},
  year={2016}
}

@inproceedings{lin2013network,
  author    = {Min Lin and
               Qiang Chen and
               Shuicheng Yan},
  title     = {Network In Network},
  booktitle = {International Conference on Learning Representations ({ICLR})},
  year      = {2014}
}



@inproceedings{niu2016ordinal,
  title={Ordinal regression with multiple output cnn for age estimation},
  author={Niu, Zhenxing and Zhou, Mo and Wang, Le and Gao, Xinbo and Hua, Gang},
  booktitle={IEEE conference on computer vision and pattern recognition},
  pages={4920--4928},
  year={2016}
}


@article{borchani2015survey,
  title={A survey on multi-output regression},
  author={Borchani, Hanen and Varando, Gherardo and Bielza, Concha and Larra{\~n}aga, Pedro},
  journal={Wiley Interdisciplinary Reviews: Data Mining and Knowledge Discovery},
  volume={5},
  number={5},
  pages={216--233},
  year={2015}
}


@article{hart1968formal,
  title={A formal basis for the heuristic determination of minimum cost paths},
  author={Hart, Peter E and Nilsson, Nils J and Raphael, Bertram},
  journal={IEEE transactions on Systems Science and Cybernetics},
  volume={4},
  number={2},
  pages={100--107},
  year={1968}
}


@inproceedings{boyarski2015icbs,
  title={{ICBS}: improved conflict-based search algorithm for multi-agent pathfinding},
  author={Boyarski, Eli and Felner, Ariel and Stern, Roni and Sharon, Guni and Tolpin, David and Betzalel, Oded and Shimony, Eyal},
  booktitle={International Joint Conference on Artificial Intelligence (IJCAI)},
  year={2015}
}