
% Journals

% First the Full Name is given, then the abbreviation used in the AMS Math
% Reviews, with an indication if it could not be found there.
% Note the 2nd overwrites the 1st, so swap them if you want the full name.

 %{AMS}
 @String{AMSTrans = "American Mathematical Society Translations" }
 @String{AMSTrans = "Amer. Math. Soc. Transl." }
 @String{BullAMS = "Bulletin of the American Mathematical Society" }
 @String{BullAMS = "Bull. Amer. Math. Soc." }
 @String{ProcAMS = "Proceedings of the American Mathematical Society" }
 @String{ProcAMS = "Proc. Amer. Math. Soc." }
 @String{TransAMS = "Transactions of the American Mathematical Society" }
 @String{TransAMS = "Trans. Amer. Math. Soc." }

 %ACM
 @String{CACM = "Communications of the {ACM}" }
 @String{CACM = "Commun. {ACM}" }
 @String{CompServ = "Comput. Surveys" }
 @String{JACM = "J. ACM" }
 @String{ACMMathSoft = "{ACM} Transactions on Mathematical Software" }
 @String{ACMMathSoft = "{ACM} Trans. Math. Software" }
 @String{SIGNUM = "{ACM} {SIGNUM} Newsletter" }
 @String{SIGNUM = "{ACM} {SIGNUM} Newslett." }

 @String{AmerSocio = "American Journal of Sociology" }
 @String{AmerStatAssoc = "Journal of the American Statistical Association" }
 @String{AmerStatAssoc = "J. Amer. Statist. Assoc." }
 @String{ApplMathComp = "Applied Mathematics and Computation" }
 @String{ApplMathComp = "Appl. Math. Comput." }
 @String{AmerMathMonthly = "American Mathematical Monthly" }
 @String{AmerMathMonthly = "Amer. Math. Monthly" }
 @String{BIT = "{BIT}" }
 @String{BritStatPsych = "British Journal of Mathematical and Statistical
          Psychology" }
 @String{BritStatPsych = "Brit. J. Math. Statist. Psych." }
 @String{CanMathBull = "Canadian Mathematical Bulletin" }
 @String{CanMathBull = "Canad. Math. Bull." }
 @String{CompApplMath = "Journal of Computational and Applied Mathematics" }
 @String{CompApplMath = "J. Comput. Appl. Math." }
 @String{CompPhys = "Journal of Computational Physics" }
 @String{CompPhys = "J. Comput. Phys." }
 @String{CompStruct = "Computers and Structures" }
 @String{CompStruct = "Comput. \& Structures" }
 @String{CompJour = "The Computer Journal" }
 @String{CompJour = "Comput. J." }
 @String{CompSysSci = "Journal of Computer and System Sciences" }
 @String{CompSysSci = "J. Comput. System Sci." }
 @String{Computing = "Computing" }
 @String{ContempMath = "Contemporary Mathematics" }
 @String{ContempMath = "Contemp. Math." }
 @String{Crelle = "Crelle's Journal" }
 @String{GiornaleMath = "Giornale di Mathematiche" }
 @String{GiornaleMath = "Giorn. Mat." } % didn't find in AMS MR., ibid.

 %IEEE
 @String{Computer = "{IEEE} Computer" }
 @String{IEEETransComp = "{IEEE} Transactions on Computers" }
 @String{IEEETransComp = "{IEEE} Trans. Comput." }
 @String{IEEETransAC = "{IEEE} Transactions on Automatic Control" }
 @String{IEEETransAC = "{IEEE} Trans. Automat. Control" }
 @String{IEEESpec = "{IEEE} Spectrum" } % didn't find in AMS MR
 @String{ProcIEEE = "Proceedings of the {IEEE}" }
 @String{ProcIEEE = "Proc. {IEEE}" } % didn't find in AMS MR
 @String{IEEETransAeroElec = "{IEEE} Transactions on Aerospace and Electronic
     Systems" }
 @String{IEEETransAeroElec = "{IEEE} Trans. Aerospace Electron. Systems" }

 @String{IMANumerAna = "{IMA} Journal of Numerical Analysis" }
 @String{IMANumerAna = "{IMA} J. Numer. Anal." }
 @String{InfProcLet = "Information Processing Letters" }
 @String{InfProcLet = "Inform. Process. Lett." }
 @String{InstMathApp = "Journal of the Institute of Mathematics and
     its Applications" }
 @String{InstMathApp = "J. Inst. Math. Appl." }
 @String{IntControl = "International Journal of Control" }
 @String{IntControl = "Internat. J. Control" }
 @String{IntNumerEng = "International Journal for Numerical Methods in
     Engineering" }
 @String{IntNumerEng = "Internat. J. Numer. Methods Engrg." }
 @String{IntSuper = "International Journal of Supercomputing Applications" }
 @String{IntSuper = "Internat. J. Supercomputing Applic." } % didn't find
%% in AMS MR
 @String{Kibernetika = "Kibernetika" }
 @String{JResNatBurStand = "Journal of Research of the National Bureau
     of Standards" }
 @String{JResNatBurStand = "J. Res. Nat. Bur. Standards" }
 @String{LinAlgApp = "Linear Algebra and its Applications" }
 @String{LinAlgApp = "Linear Algebra Appl." }
 @String{MathAnaAppl = "Journal of Mathematical Analysis and Applications" }
 @String{MathAnaAppl = "J. Math. Anal. Appl." }
 @String{MathAnnalen = "Mathematische Annalen" }
 @String{MathAnnalen = "Math. Ann." }
 @String{MathPhys = "Journal of Mathematical Physics" }
 @String{MathPhys = "J. Math. Phys." }
 @String{MathComp = "Mathematics of Computation" }
 @String{MathComp = "Math. Comp." }
 @String{MathScand = "Mathematica Scandinavica" }
 @String{MathScand = "Math. Scand." }
 @String{TablesAidsComp = "Mathematical Tables and Other Aids to Computation" }
 @String{TablesAidsComp = "Math. Tables Aids Comput." }
 @String{NumerMath = "Numerische Mathematik" }
 @String{NumerMath = "Numer. Math." }
 @String{PacificMath = "Pacific Journal of Mathematics" }
 @String{PacificMath = "Pacific J. Math." }
 @String{ParDistComp = "Journal of Parallel and Distributed Computing" }
 @String{ParDistComp = "J. Parallel and Distrib. Comput." } % didn't find
%% in AMS MR
 @String{ParComputing = "Parallel Computing" }
 @String{ParComputing = "Parallel Comput." }
 @String{PhilMag = "Philosophical Magazine" }
 @String{PhilMag = "Philos. Mag." }
 @String{ProcNAS = "Proceedings of the National Academy of Sciences
                    of the USA" }
 @String{ProcNAS = "Proc. Nat. Acad. Sci. U. S. A." }
 @String{Psychometrika = "Psychometrika" }
 @String{QuartMath = "Quarterly Journal of Mathematics, Oxford, Series (2)" }
 @String{QuartMath = "Quart. J. Math. Oxford Ser. (2)" }
 @String{QuartApplMath = "Quarterly of Applied Mathematics" }
 @String{QuartApplMath = "Quart. Appl. Math." }
 @String{RevueInstStat = "Review of the International Statisical Institute" }
 @String{RevueInstStat = "Rev. Inst. Internat. Statist." }

 %SIAM
 @String{JSIAM = "Journal of the Society for Industrial and Applied
     Mathematics" }
 @String{JSIAM = "J. Soc. Indust. Appl. Math." }
 @String{JSIAMB = "Journal of the Society for Industrial and Applied
     Mathematics, Series B, Numerical Analysis" }
 @String{JSIAMB = "J. Soc. Indust. Appl. Math. Ser. B Numer. Anal." }
 @String{SIAMAlgMeth = "{SIAM} Journal on Algebraic and Discrete Methods" }
 @String{SIAMAlgMeth = "{SIAM} J. Algebraic Discrete Methods" }
 @String{SIAMAppMath = "{SIAM} Journal on Applied Mathematics" }
 @String{SIAMAppMath = "{SIAM} J. Appl. Math." }
 @String{SIAMComp = "{SIAM} Journal on Computing" }
 @String{SIAMComp = "{SIAM} J. Comput." }
 @String{SIAMMatrix = "{SIAM} Journal on Matrix Analysis and Applications" }
 @String{SIAMMatrix = "{SIAM} J. Matrix Anal. Appl." }
 @String{SIAMNumAnal = "{SIAM} Journal on Numerical Analysis" }
 @String{SIAMNumAnal = "{SIAM} J. Numer. Anal." }
 @String{SIAMReview = "{SIAM} Review" }
 @String{SIAMReview = "{SIAM} Rev." }
 @String{SIAMSciStat = "{SIAM} Journal on Scientific and Statistical
     Computing" }
 @String{SIAMSciStat = "{SIAM} J. Sci. Statist. Comput." }

 @String{SoftPracExp = "Software Practice and Experience" }
 @String{SoftPracExp = "Software Prac. Experience" } % didn't find in AMS MR
 @String{StatScience = "Statistical Science" }
 @String{StatScience = "Statist. Sci." }
 @String{Techno = "Technometrics" }
 @String{USSRCompMathPhys = "{USSR} Computational Mathematics and Mathematical
     Physics" }
 @String{USSRCompMathPhys = "{U. S. S. R.} Comput. Math. and Math. Phys." }
 @String{VLSICompSys = "Journal of {VLSI} and Computer Systems" }
 @String{VLSICompSys = "J. {VLSI} Comput. Syst." }
 @String{ZAngewMathMech = "Zeitschrift fur Angewandte Mathematik und
     Mechanik" }
 @String{ZAngewMathMech = "Z. Angew. Math. Mech." }
 @String{ZAngewMathPhys = "Zeitschrift fur Angewandte Mathematik und Physik" }
 @String{ZAngewMathPhys = "Z. Angew. Math. Phys." }

% Publishers % ================================================= |

 @String{Academic = "Academic Press" }
 @String{ACMPress = "{ACM} Press" }
 @String{AdamHilger = "Adam Hilger" }
 @String{AddisonWesley = "Addison-Wesley" }
 @String{AllynBacon = "Allyn and Bacon" }
 @String{AMS = "American Mathematical Society" }
 @String{Birkhauser = "Birkha{\"u}ser" }
 @String{CambridgePress = "Cambridge University Press" }
 @String{Chelsea = "Chelsea" }
 @String{ClaredonPress = "Claredon Press" }
 @String{DoverPub = "Dover Publications" }
 @String{Eyolles = "Eyolles" }
 @String{HoltRinehartWinston = "Holt, Rinehart and Winston" }
 @String{Interscience = "Interscience" }
 @String{JohnsHopkinsPress = "The Johns Hopkins University Press" }
 @String{JohnWileySons = "John Wiley and Sons" }
 @String{Macmillan = "Macmillan" }
 @String{MathWorks = "The Math Works Inc." }
 @String{McGrawHill = "McGraw-Hill" }
 @String{NatBurStd = "National Bureau of Standards" }
 @String{NorthHolland = "North-Holland" }
 @String{OxfordPress = "Oxford University Press" }  %address Oxford or London?
 @String{PergamonPress = "Pergamon Press" }
 @String{PlenumPress = "Plenum Press" }
 @String{PrenticeHall = "Prentice-Hall" }
 @String{SIAMPub = "{SIAM} Publications" }
 @String{Springer = "Springer-Verlag" }
 @String{TexasPress = "University of Texas Press" }
 @String{VanNostrand = "Van Nostrand" }
 @String{WHFreeman = "W. H. Freeman and Co." }

%Entries
@article{anderson2018learning,
  title={Learning to evade static PE machine learning malware models via reinforcement learning},
  author={Anderson, Hyrum S and Kharkar, Anant and Filar, Bobby and Evans, David and Roth, Phil},
  journal={arXiv preprint arXiv:1801.08917},
  year={2018}
}

@inproceedings{athiwaratkun2017malware,
  title={Malware classification with LSTM and GRU language models and a character-level CNN},
  author={Athiwaratkun, Ben and Stokes, Jack W},
  booktitle={2017 IEEE International Conference on Acoustics, Speech and Signal Processing (ICASSP)},
  pages={2482--2486},
  year={2017},
  organization={IEEE}
}


@inproceedings{awad2018modeling,
  title={Modeling malware as a language},
  author={Awad, Yara and Nassar, Mohamed and Safa, Haidar},
  booktitle={2018 IEEE International Conference on Communications (ICC)},
  pages={1--6},
  year={2018},
  organization={IEEE}
}


@inproceedings{belletti2019quantifying,
  title={Quantifying Long Range Dependence in Language and User Behavior to improve RNNs},
  author={Belletti, Francois and Chen, Minmin and Chi, Ed H},
  booktitle={Proceedings of the 25th ACM SIGKDD International Conference on Knowledge Discovery \& Data Mining},
  pages={1317--1327},
  year={2019}
}


@article{biggio2013security,
  title={Security evaluation of pattern classifiers under attack},
  author={Biggio, Battista and Fumera, Giorgio and Roli, Fabio},
  journal={IEEE transactions on knowledge and data engineering},
  volume={26},
  number={4},
  pages={984--996},
  year={2013},
  publisher={IEEE}
}


@misc{bissell2019,
    title={Annual Cost of Cybercrime Study: Unlocking the Value of Improved Cybersecurity Protection},
    author={Kelly Bissell and Larry Ponemon},
    year={2018},
    eprint={1801.08917},
    archivePrefix={arXiv},
    primaryClass={cs.CR}
}


@article{carlini2019evaluating,
  title={On evaluating adversarial robustness},
  author={Carlini, Nicholas and Athalye, Anish and Papernot, Nicolas and Brendel, Wieland and Rauber, Jonas and Tsipras, Dimitris and Goodfellow, Ian and Madry, Aleksander and Kurakin, Alexey},
  journal={arXiv preprint arXiv:1902.06705},
  year={2019}
}

@inproceedings{castroandschmitt2019armed,
  title={ARMED: How Automatic Malware Modifications Can Evade Static Detection?},
  author={Castro, Raphael Labaca and Schmitt, Corinna and Rodosek, Gabi Dreo},
  booktitle={2019 5th International Conference on Information Management (ICIM)},
  pages={20--27},
  year={2019},
  organization={IEEE}
}

@inproceedings{chen2017zoo,
  title={Zoo: Zeroth order optimization based black-box attacks to deep neural networks without training substitute models},
  author={Chen, Pin-Yu and Zhang, Huan and Sharma, Yash and Yi, Jinfeng and Hsieh, Cho-Jui},
  booktitle={Proceedings of the 10th ACM Workshop on Artificial Intelligence and Security},
  pages={15--26},
  year={2017}
}

@inproceedings{castroandbiggio2019poster,
  title={Poster: Attacking Malware Classifiers by Crafting Gradient-Attacks that Preserve Functionality},
  author={Castro, Raphael Labaca and Biggio, Battista and Dreo Rodosek, Gabi},
  booktitle={Proceedings of the 2019 ACM SIGSAC Conference on Computer and Communications Security},
  pages={2565--2567},
  year={2019}
}
  

@article{chenB2019adversarial,
  title={Adversarial examples for CNN-based malware detectors},
  author={Chen, Bingcai and Ren, Zhongru and Yu, Chao and Hussain, Iftikhar and Liu, Jintao},
  journal={IEEE Access},
  volume={7},
  pages={54360--54371},
  year={2019},
  publisher={IEEE}
}


@article{chenY2019training,
  title={On Training Robust PDF Malware Classifiers},
  author={Chen, Yizheng and Wang, Shiqi and She, Dongdong and Jana, Suman},
  journal={arXiv preprint arXiv:1904.03542},
  year={2019}
}


@article{demetrio2019explaining,
  title={Explaining vulnerabilities of deep learning to adversarial malware binaries},
  author={Demetrio, Luca and Biggio, Battista and Lagorio, Giovanni and Roli, Fabio and Armando, Alessandro},
  journal={arXiv preprint arXiv:1901.03583},
  year={2019}
}


@article{demetrio2020efficient,
  title={Efficient Black-box Optimization of Adversarial Windows Malware with Constrained Manipulations},
  author={Demetrio, Luca and Biggio, Battista and Lagorio, Giovanni and Roli, Fabio and Armando, Alessandro},
  journal={arXiv preprint arXiv:2003.13526},
  year={2020}
}


@inproceedings{dey2019evadepdf,
  title={EvadePDF: Towards Evading Machine Learning Based PDF Malware Classifiers},
  author={Dey, Sukanta and Kumar, Abhishek and Sawarkar, Mehul and Singh, Pranav Kumar and Nandi, Sukumar},
  booktitle={International Conference on Security \& Privacy},
  pages={140--150},
  year={2019},
  organization={Springer}
}


@inproceedings{dey2017gate,
  title={Gate-variants of gated recurrent unit (GRU) neural networks},
  author={Dey, Rahul and Salemt, Fathi M},
  booktitle={2017 IEEE 60th international midwest symposium on circuits and systems (MWSCAS)},
  pages={1597--1600},
  year={2017},
  organization={IEEE}
}


@article{fang2019evading,
  title={Evading anti-malware engines with deep reinforcement learning},
  author={Fang, Zhiyang and Wang, Junfeng and Li, Boya and Wu, Siqi and Zhou, Yingjie and Huang, Haiying},
  journal={IEEE Access},
  volume={7},
  pages={48867--48879},
  year={2019},
  publisher={IEEE}
}


@article{fleshman2019non,
  title={Non-negative networks against adversarial attacks},
  author={Fleshman, William and Raff, Edward and Sylvester, Jared and Forsyth, Steven and McLean, Mark},
  journal={arXiv preprint arXiv:1806.06108},
  year={2019}
}


@article{goodfellow2018making,
  title={Making machine learning robust against adversarial inputs},
  author={Goodfellow, Ian and McDaniel, Patrick and Papernot, Nicolas},
  journal={Communications of the ACM},
  volume={61},
  number={7},
  pages={56--66},
  year={2018},
  publisher={ACM New York, NY, USA}
}


@inproceedings{hu2018black,
  title={Black-box attacks against RNN based malware detection algorithms},
  author={Hu, Weiwei and Tan, Ying},
  booktitle={Workshops at the Thirty-Second AAAI Conference on Artificial Intelligence},
  year={2018}
}

@inproceedings{krvcal2018deep,
	address = {Vancouver, Canada},
	title = {Deep {Convolutional} {Malware} {Classifiers} {Can} {Learn} from {Raw} {Executables} and {Labels} {Only}},
	url = {https://openreview.net/forum?id=HkHrmM1PM},
	booktitle = {International {Conference} on {Learning} {Representations} ({ICLR})},
	author = {Krčál, Marek and Švec, Ondřej and Bálek, Martin and Jašek, Otakar},
	year = {2018}
}

@article{kreuk2018adversarial,
  title={Adversarial examples on discrete sequences for beating whole-binary malware detection},
  author={Kreuk, Felix and Barak, Assi and Aviv-Reuven, Shir and Baruch, Moran and Pinkas, Benny and Keshet, Joseph},
  journal={arXiv preprint arXiv:1802.04528},
  year={2018}
}


@article{madry2017towards,
  title={Towards deep learning models resistant to adversarial attacks},
  author={Madry, Aleksander and Makelov, Aleksandar and Schmidt, Ludwig and Tsipras, Dimitris and Vladu, Adrian},
  journal={arXiv preprint arXiv:1706.06083},
  year={2017}
}


@article{mogren2019character,
  title={Character-based recurrent neural networks for morphological relational reasoning},
  author={Mogren, Olof and Johansson, Richard},
  journal={Journal of Language Modelling},
  volume={7},
  number={1},
  pages={139--170},
  year={2019}
}


@inproceedings{park2019generation,
  title={Generation \& Evaluation of Adversarial Examples for Malware Obfuscation},
  author={Park, Daniel and Khan, Haidar and Yener, B{\"u}lent},
  booktitle={2019 18th IEEE International Conference On Machine Learning And Applications (ICMLA)},
  pages={1283--1290},
  year={2019},
  organization={IEEE}
}


@article{qiu2019review,
  title={Review of artificial intelligence adversarial attack and defense technologies},
  author={Qiu, Shilin and Liu, Qihe and Zhou, Shijie and Wu, Chunjiang},
  journal={Applied Sciences},
  volume={9},
  number={5},
  pages={909},
  year={2019},
  publisher={Multidisciplinary Digital Publishing Institute}
}


@inproceedings{raff2018malware,
  title={Malware detection by eating a whole exe},
  author={Raff, Edward and Barker, Jon and Sylvester, Jared and Brandon, Robert and Catanzaro, Bryan and Nicholas, Charles K},
  booktitle={Workshops at the Thirty-Second AAAI Conference on Artificial Intelligence},
  year={2018}
}


@article{rosenberg2019defense,
  title={Defense methods against adversarial examples for recurrent neural networks},
  author={Rosenberg, Ishai and Shabtai, Asaf and Elovici, Yuval and Rokach, Lior},
  journal={arXiv preprint arXiv:1901.09963},
  year={2019}
}


@inproceedings{suciu2019exploring,
  title={Exploring adversarial examples in malware detection},
  author={Suciu, Octavian and Coull, Scott E and Johns, Jeffrey},
  booktitle={2019 IEEE Security and Privacy Workshops (SPW)},
  pages={8--14},
  year={2019},
  organization={IEEE}
}


@article{tounsi2018survey,
  title={A survey on technical threat intelligence in the age of sophisticated cyber attacks},
  author={Tounsi, Wiem and Rais, Helmi},
  journal={Computers \& security},
  volume={72},
  pages={212--233},
  year={2018},
  publisher={Elsevier}
}


@article{zuo2018neural,
  title={Neural machine translation inspired binary code similarity comparison beyond function pairs},
  author={Zuo, Fei and Li, Xiaopeng and Young, Patrick and Luo, Lannan and Zeng, Qiang and Zhang, Zhexin},
  journal={arXiv preprint arXiv:1808.04706},
  year={2018}
}

@inproceedings{ono-etal-2019-hybrid,
    title = "Hybrid Data-Model Parallel Training for Sequence-to-Sequence Recurrent Neural Network Machine Translation",
    author = "Ono, Junya  and
      Utiyama, Masao  and
      Sumita, Eiichiro",
    booktitle = "Proceedings of The 8th Workshop on Patent and Scientific Literature Translation",
    month = aug,
    year = "2019",
    address = "Dublin, Ireland",
    publisher = "European Association for Machine Translation",
    url = "https://www.aclweb.org/anthology/W19-7201",
    pages = "4--12",
}

@article{irie2019choice,
  title={On the choice of modeling unit for sequence-to-sequence speech recognition},
  author={Irie, Kazuki and Prabhavalkar, Rohit and Kannan, Anjuli and Bruguier, Antoine and Rybach, David and Nguyen, Patrick},
  journal={Proc. Interspeech 2019},
  pages={3800--3804},
  year={2019}
}

@article{zhang2020adversarial,
  title={Adversarial attacks on deep-learning models in natural language processing: A survey},
  author={Zhang, Wei Emma and Sheng, Quan Z and Alhazmi, Ahoud and Li, Chenliang},
  journal={ACM Transactions on Intelligent Systems and Technology (TIST)},
  volume={11},
  number={3},
  pages={1--41},
  year={2020},
  publisher={ACM New York, NY, USA}
}

@inproceedings{ying2020meta,
  title={Meta-CoTGAN: A Meta Cooperative Training Paradigm for Improving Adversarial Text Generation},
  author={Ying, Haiyan and Li, Dingcheng and Li, Xu and Li, Ping},
  booktitle={The Thirty-Forth AAAI Conference on Artificial Intelligence (AAAI). New York, NY},
  year={2020}
}

@article{ren2020generating,
  title={Generating Natural Language Adversarial Examples on a Large Scale with Generative Models},
  author={Ren, Yankun and Lin, Jianbin and Tang, Siliang and Zhou, Jun and Yang, Shuang and Qi, Yuan and Ren, Xiang},
  journal={arXiv preprint arXiv:2003.10388},
  year={2020}
}

@inproceedings{zhao2020towards,
  title={Towards Large yet Imperceptible Adversarial Image Perturbations with Perceptual Color Distance},
  author={Zhao, Zhengyu and Liu, Zhuoran and Larson, Martha},
  booktitle={Proceedings of the IEEE/CVF Conference on Computer Vision and Pattern Recognition},
  pages={1039--1048},
  year={2020}
}

@inproceedings{tu2020physically,
  title={Physically Realizable Adversarial Examples for LiDAR Object Detection},
  author={Tu, James and Ren, Mengye and Manivasagam, Sivabalan and Liang, Ming and Yang, Bin and Du, Richard and Cheng, Frank and Urtasun, Raquel},
  booktitle={Proceedings of the IEEE/CVF Conference on Computer Vision and Pattern Recognition},
  pages={13716--13725},
  year={2020}
}

@article{hu2019adversarial,
  title={Adversarial Examples for Automatic Speech Recognition: Attacks and Countermeasures},
  author={Hu, Shengshan and Shang, Xingcan and Qin, Zhan and Li, Minghui and Wang, Qian and Wang, Cong},
  journal={IEEE Communications Magazine},
  volume={57},
  number={10},
  pages={120--126},
  year={2019},
  publisher={IEEE}
}

@article{tang2019show,
  title={Show, Reward, and Tell: Adversarial Visual Story Generation},
  author={Tang, Jinhui and Wang, Jing and Li, Zechao and Fu, Jianlong and Mei, Tao},
  journal={ACM Transactions on Multimedia Computing, Communications, and Applications (TOMM)},
  volume={15},
  number={2s},
  pages={1--20},
  year={2019},
  publisher={ACM New York, NY, USA}
}



@inproceedings{han2019nickel,
  title={Nickel to Lego: Using Foolgle to Create Adversarial Examples to Fool Google Cloud Speech-to-Text API},
  author={Han, Joon Kuy and Kim, Hyoungshick and Woo, Simon S},
  booktitle={Proceedings of the 2019 ACM SIGSAC Conference on Computer and Communications Security},
  pages={2593--2595},
  year={2019}
}


@misc{anderson_machine_2019,
	title = {Machine {Learning} {Static} {Evasion} {Competition}},
	shorttitle = {Endgame},
	url = {https://github.com/endgameinc/malware_evasion_competition},
	author = {Anderson, Hyrum S},
	year = {2019}
}

@article{song2020automatic,
  title={Automatic Generation of Adversarial Examples for Interpreting Malware Classifiers},
  author={Song, Wei and Li, Xuezixiang and Afroz, Sadia and Garg, Deepali and Kuznetsov, Dmitry and Yin, Heng},
  journal={arXiv preprint arXiv:2003.03100},
  year={2020}
}

@inproceedings{kim2016character,
  title={Character-aware neural language models},
  author={Kim, Yoon and Jernite, Yacine and Sontag, David and Rush, Alexander M},
  booktitle={Thirtieth AAAI conference on artificial intelligence},
  year={2016}
}


@book{goldberg_neural_2017,
	title = {Neural {Network} {Methods} for {Natural} {Language} {Processing}},
	volume = {10},
	author = {Goldberg, Yoav},
	year = {2017}
}

@inproceedings{kolosnjaji2018adversarial,
  title={Adversarial malware binaries: Evading deep learning for malware detection in executables},
  author={Kolosnjaji, Bojan and Demontis, Ambra and Biggio, Battista and Maiorca, Davide and Giacinto, Giorgio and Eckert, Claudia and Roli, Fabio},
  booktitle={2018 26th European Signal Processing Conference (EUSIPCO)},
  pages={533--537},
  year={2018},
  organization={IEEE}
}

@inproceedings{biggio2013evasion,
  title={Evasion attacks against machine learning at test time},
  author={Biggio, Battista and Corona, Igino and Maiorca, Davide and Nelson, Blaine and {\v{S}}rndi{\'c}, Nedim and Laskov, Pavel and Giacinto, Giorgio and Roli, Fabio},
  booktitle={Joint European conference on machine learning and knowledge discovery in databases},
  pages={387--402},
  year={2013},
  organization={Springer}
}

@article{biggio2018wild,
  title={Wild patterns: Ten years after the rise of adversarial machine learning},
  author={Biggio, Battista and Roli, Fabio},
  journal={Pattern Recognition},
  volume={84},
  pages={317--331},
  year={2018},
  publisher={Elsevier}
}
