% Please download the latest anthology.bib from
%
% http://aclweb.org/anthology/anthology.bib.gz
@article{harkin2004geometry,
  title={Geometry of generalized complex numbers},
  author={Harkin, Anthony A and Harkin, Joseph B},
  journal={Mathematics magazine},
  volume={77},
  number={2},
  pages={118--129},
  year={2004},
  publisher={Taylor \& Francis}
}

@inproceedings{han2020dyernie,
  title={DyERNIE: Dynamic Evolution of Riemannian Manifold Embeddings for Temporal Knowledge Graph Completion},
  author={Han, Zhen and Chen, Peng and Ma, Yunpu and Tresp, Volker},
  booktitle={Proceedings of the 2020 Conference on Empirical Methods in Natural Language Processing (EMNLP)},
  pages={7301--7316},
  year={2020}
}

@misc{singh2023neustip,
      title={NeuSTIP: A Novel Neuro-Symbolic Model for Link and Time Prediction in Temporal Knowledge Graphs}, 
      author={Ishaan Singh and Navdeep Kaur and Garima Gaur and Mausam},
      year={2023},
      eprint={2305.11301},
      archivePrefix={arXiv},
      primaryClass={cs.AI}
}

@inproceedings{herculemontella2021hyperbolic,
  title={Hyperbolic Temporal Knowledge Graph Embeddings with Relational and Time Curvatures},
  author={Montella, Sebastien and Barahona, Lina M Rojas and Heinecke, Johannes},
  booktitle={Findings of the Association for Computational Linguistics: ACL-IJCNLP 2021},
  pages={3296--3308},
  year={2021}
}


@incollection{dualangeles1998application,
  title={The application of dual algebra to kinematic analysis},
  author={Angeles, Jorge},
  booktitle={Computational methods in mechanical systems},
  pages={3--32},
  year={1998},
  publisher={Springer}
}


@article{allen1983maintaining,
  title={Maintaining knowledge about temporal intervals},
  author={Allen, James F},
  journal={Communications of the ACM},
  volume={26},
  number={11},
  pages={832--843},
  year={1983},
  publisher={ACM New York, NY, USA}
}


@inproceedings{mixedgu2018learning,
  title={Learning mixed-curvature representations in product spaces},
  author={Gu, Albert and Sala, Frederic and Gunel, Beliz and R{\'e}, Christopher},
  booktitle={International Conference on Learning Representations},
  year={2018}
}

@article{balazevic2019multi,
  title={Multi-relational poincar{\'e} graph embeddings},
  author={Balazevic, Ivana and Allen, Carl and Hospedales, Timothy},
  journal={Advances in Neural Information Processing Systems},
  volume={32},
  year={2019}
}

@inproceedings{chami2020low,
  title={Low-Dimensional Hyperbolic Knowledge Graph Embeddings},
  author={Chami, Ines and Wolf, Adva and Juan, Da-Cheng and Sala, Frederic and Ravi, Sujith and R{\'e}, Christopher},
  booktitle={Proceedings of the 58th Annual Meeting of the Association for Computational Linguistics},
  pages={6901--6914},
  year={2020}
}


@inproceedings{nayyeri2021losspatterns,
  title={Loss-aware pattern inference: A correction on the wrongly claimed limitations of embedding models},
  author={Nayyeri, Mojtaba and Xu, Chengjin and Yaghoobzadeh, Yadollah and Vahdati, Sahar and Alam, Mirza Mohtashim and Yazdi, Hamed Shariat and Lehmann, Jens},
  booktitle={Pacific-Asia Conference on Knowledge Discovery and Data Mining},
  pages={77--89},
  year={2021},
  organization={Springer}
}

@article{cai2022temporalsurvey,
  title={Temporal knowledge graph completion: A survey},
  author={Cai, Borui and Xiang, Yong and Gao, Longxiang and Zhang, He and Li, Yunfeng and Li, Jianxin},
  journal={arXiv preprint arXiv:2201.08236},
  year={2022}
}

@article{hogan2021knowledge,
  title={Knowledge Graphs},
  author={Hogan, Aidan and Blomqvist, Eva and Cochez, Michael and de Melo, Gerard and Gutierrez, Claudio and Kirrane, Sabrina and Labra Gayo, Jos{\'e} Emilio and Navigli, Roberto and Neumaier, Sebastian and Ngonga Ngomo, Axel-Cyrille and others},
  journal={ACM Computing Surveys},
  volume={54},
  number={4},
  pages={1--37},
  year={2021},
  publisher={Association for Computing Machinery}
}

@article{metahelzer2000special,
  title={Special relativity with acceleration},
  author={Helzer, Garry},
  journal={The American Mathematical Monthly},
  volume={107},
  number={3},
  pages={219--237},
  year={2000},
  publisher={Taylor \& Francis}
}


@article{surveytemporalcai2022temporal,
  title={Temporal knowledge graph completion: A survey},
  author={Cai, Borui and Xiang, Yong and Gao, Longxiang and Zhang, He and Li, Yunfeng and Li, Jianxin},
  journal={arXiv preprint arXiv:2201.08236},
  year={2022}
}

@inproceedings{chen2022rotateqvs,
  title={RotateQVS: Representing Temporal Information as Rotations in Quaternion Vector Space for Temporal Knowledge Graph Completion},
  author={Chen, Kai and Wang, Ye and Li, Yitong and Li, Aiping},
  booktitle={Proceedings of the 60th Annual Meeting of the Association for Computational Linguistics (Volume 1: Long Papers)},
  pages={5843--5857},
  year={2022}
}

@inproceedings{xu2020tero,
  title={TeRo: A Time-aware Knowledge Graph Embedding via Temporal Rotation},
  author={Xu, Chengjin and Nayyeri, Mojtaba and Alkhoury, Fouad and Yazdi, Hamed Shariat and Lehmann, Jens},
  booktitle={Proceedings of the 28th International Conference on Computational Linguistics},
  pages={1583--1593},
  year={2020}
}

@inproceedings{sun2018rotate,
  title={RotatE: Knowledge Graph Embedding by Relational Rotation in Complex Space},
  author={Sun, Zhiqing and Deng, Zhi-Hong and Nie, Jian-Yun and Tang, Jian},
  booktitle={International Conference on Learning Representations},
  year={2018}
}

@article{tcomplexlacroix2020tensor,
  title={Tensor Decompositions for temporal knowledge base completion},
  author={Lacroix, Timoth{\'e}e and Obozinski, Guillaume and Usunier, Nicolas},
  year={2020}
}

@inproceedings{erxleben2014introducing,
  title={Introducing wikidata to the linked data web},
  author={Erxleben, Fredo and G{\"u}nther, Michael and Kr{\"o}tzsch, Markus and Mendez, Julian and Vrande{\v{c}}i{\'c}, Denny},
  booktitle={The Semantic Web--ISWC 2014: 13th International Semantic Web Conference, Riva del Garda, Italy, October 19-23, 2014. Proceedings, Part I 13},
  pages={50--65},
  year={2014},
  organization={Springer}
}

@inproceedings{tltcomplexzhang2022along,
  title={Along the Time: Timeline-traced Embedding for Temporal Knowledge Graph Completion},
  author={Zhang, Fuwei and Zhang, Zhao and Ao, Xiang and Zhuang, Fuzhen and Xu, Yongjun and He, Qing},
  booktitle={Proceedings of the 31st ACM International Conference on Information \& Knowledge Management},
  pages={2529--2538},
  year={2022}
}

@article{bordes2013translating,
  title={Translating embeddings for modeling multi-relational data},
  author={Bordes, Antoine and Usunier, Nicolas and Garcia-Duran, Alberto and Weston, Jason and Yakhnenko, Oksana},
  journal={Advances in neural information processing systems},
  volume={26},
  year={2013}
}

@inproceedings{niu2022logic,
  title={Logic and Commonsense-Guided Temporal Knowledge Graph Completion},
  author={Niu, Guanglin and Li, Bo},
  booktitle={Proceedings of the AAAI Conference on Artificial Intelligence},
  volume={37},
  number={4},
  pages={4569--4577},
  year={2023}
}

@inproceedings{ren2023hierarchical,
  title={Hierarchical Self-Attention Embedding for Temporal Knowledge Graph Completion},
  author={Ren, Xin and Bai, Luyi and Xiao, Qianwen and Meng, Xiangxi},
  booktitle={Proceedings of the ACM Web Conference 2023},
  pages={2539--2547},
  year={2023}
}

@inproceedings{lin2015learning,
  title={Learning entity and relation embeddings for knowledge graph completion},
  author={Lin, Yankai and Liu, Zhiyuan and Sun, Maosong and Liu, Yang and Zhu, Xuan},
  booktitle={Twenty-ninth AAAI conference on artificial intelligence},
  year={2015}
}

@article{gregucci2023link,
  title={Link Prediction with Attention Applied on Multiple Knowledge Graph Embedding Models},
  author={Gregucci, Cosimo and Nayyeri, Mojtaba and Hern{\'a}ndez, Daniel and Staab, Steffen},
  journal={arXiv preprint arXiv:2302.06229},
  year={2023}
}

@inproceedings{wang2014knowledge,
  title={Knowledge graph embedding by translating on hyperplanes},
  author={Wang, Zhen and Zhang, Jianwen and Feng, Jianlin and Chen, Zheng},
  booktitle={Proceedings of the AAAI conference on artificial intelligence},
  volume={28},
  number={1},
  year={2014}
}

@inproceedings{sun2018rotate,
  title={RotatE: Knowledge Graph Embedding by Relational Rotation in Complex Space},
  author={Sun, Zhiqing and Deng, Zhi-Hong and Nie, Jian-Yun and Tang, Jian},
  booktitle={International Conference on Learning Representations},
  year={2018}
}

@inproceedings{gao2020rotate3d,
  title={Rotate3d: Representing relations as rotations in three-dimensional space for knowledge graph embedding},
  author={Gao, Chang and Sun, Chengjie and Shan, Lili and Lin, Lei and Wang, Mingjiang},
  booktitle={Proceedings of the 29th ACM International Conference on Information \& Knowledge Management},
  pages={385--394},
  year={2020}
}

@inproceedings{yang2015embedding,
  title={Embedding Entities and Relations for Learning and Inference in Knowledge Bases},
  author={Yang, Bishan and Yih, Scott Wen-tau and He, Xiaodong and Gao, Jianfeng and Deng, Li},
  booktitle={Proceedings of the International Conference on Learning Representations (ICLR) 2015},
  year={2015}
}

@inproceedings{trouillon2016complex,
  title={Complex embeddings for simple link prediction},
  author={Trouillon, Th{\'e}o and Welbl, Johannes and Riedel, Sebastian and Gaussier, {\'E}ric and Bouchard, Guillaume},
  booktitle={International conference on machine learning},
  pages={2071--2080},
  year={2016},
  organization={PMLR}
}

@article{zhang2019quaternion,
  title={Quaternion knowledge graph embeddings},
  author={Zhang, Shuai and Tay, Yi and Yao, Lina and Liu, Qi},
  journal={Advances in neural information processing systems},
  volume={32},
  year={2019}
}

@inproceedings{cao2021dual,
  title={Dual quaternion knowledge graph embeddings},
  author={Cao, Zongsheng and Xu, Qianqian and Yang, Zhiyong and Cao, Xiaochun and Huang, Qingming},
  booktitle={Proceedings of the AAAI Conference on Artificial Intelligence},
  volume={35},
  number={8},
  pages={6894--6902},
  year={2021}
}

@inproceedings{garcia2018learning,
  title={Learning Sequence Encoders for Temporal Knowledge Graph Completion},
  author={Garcia-Duran, Alberto and Duman{\v{c}}i{\'c}, Sebastijan and Niepert, Mathias},
  booktitle={Proceedings of the 2018 Conference on Empirical Methods in Natural Language Processing},
  pages={4816--4821},
  year={2018}
}

@inproceedings{xu2020tero,
  title={TeRo: A Time-aware Knowledge Graph Embedding via Temporal Rotation},
  author={Xu, Chengjin and Nayyeri, Mojtaba and Alkhoury, Fouad and Yazdi, Hamed Shariat and Lehmann, Jens},
  booktitle={Proceedings of the 28th International Conference on Computational Linguistics},
  pages={1583--1593},
  year={2020}
}

@inproceedings{lacroix2019tensor,
  title={Tensor Decompositions for Temporal Knowledge Base Completion},
  author={Lacroix, Timoth{\'e}e and Obozinski, Guillaume and Usunier, Nicolas},
  booktitle={International Conference on Learning Representations},
  year={2019}
}

@inproceedings{messner2022temporal,
  title={Temporal knowledge graph completion using box embeddings},
  author={Messner, Johannes and Abboud, Ralph and Ceylan, Ismail Ilkan},
  booktitle={Proceedings of the AAAI Conference on Artificial Intelligence},
  volume={36},
  number={7},
  pages={7779--7787},
  year={2022}
}

@inproceedings{chen2022rotateqvs,
  title={RotateQVS: Representing Temporal Information as Rotations in Quaternion Vector Space for Temporal Knowledge Graph Completion},
  author={Chen, Kai and Wang, Ye and Li, Yitong and Li, Aiping},
  booktitle={Proceedings of the 60th Annual Meeting of the Association for Computational Linguistics (Volume 1: Long Papers)},
  pages={5843--5857},
  year={2022}
}

@article{abboud2020boxe,
  title={Boxe: A box embedding model for knowledge base completion},
  author={Abboud, Ralph and Ceylan, Ismail and Lukasiewicz, Thomas and Salvatori, Tommaso},
  journal={Advances in Neural Information Processing Systems},
  volume={33},
  pages={9649--9661},
  year={2020}
}

@inproceedings{garcia2018learning,
  title={Learning Sequence Encoders for Temporal Knowledge Graph Completion},
  author={Garc{\'\i}a-Dur{\'a}n, Alberto and Dumancic, Sebastijan and Niepert, Mathias},
  booktitle={EMNLP},
  year={2018}
}

@article{lautenschlager2015icews,
  title={Icews event aggregations},
  author={Lautenschlager, Jennifer and Shellman, Steve and Ward, Michael},
  journal={Harvard Dataverse},
  volume={3},
  number={595},
  pages={28},
  year={2015}
}

@inproceedings{dasgupta2018hyte,
  title={Hyte: Hyperplane-based temporally aware knowledge graph embedding},
  author={Dasgupta, Shib Sankar and Ray, Swayambhu Nath and Talukdar, Partha},
  booktitle={Proceedings of the 2018 conference on empirical methods in natural language processing},
  pages={2001--2011},
  year={2018}
}

@inproceedings{mahdisoltani2014yago3,
  title={Yago3: A knowledge base from multilingual wikipedias},
  author={Mahdisoltani, Farzaneh and Biega, Joanna and Suchanek, Fabian},
  booktitle={7th biennial conference on innovative data systems research},
  year={2014},
  organization={CIDR Conference}
}

@inproceedings{trivedi2017know,
  title={Know-evolve: Deep temporal reasoning for dynamic knowledge graphs},
  author={Trivedi, Rakshit and Dai, Hanjun and Wang, Yichen and Song, Le},
  booktitle={international conference on machine learning},
  pages={3462--3471},
  year={2017},
  organization={PMLR}
}

@inproceedings{goel2020diachronic,
  title={Diachronic embedding for temporal knowledge graph completion},
  author={Goel, Rishab and Kazemi, Seyed Mehran and Brubaker, Marcus and Poupart, Pascal},
  booktitle={Proceedings of the AAAI Conference on Artificial Intelligence},
  volume={34},
  number={04},
  pages={3988--3995},
  year={2020}
}

@inproceedings{leblay2018deriving,
  title={Deriving validity time in knowledge graph},
  author={Leblay, Julien and Chekol, Melisachew Wudage},
  booktitle={Companion Proceedings of the The Web Conference 2018},
  pages={1771--1776},
  year={2018}
}

@article{duchi2011adaptive,
  title={Adaptive subgradient methods for online learning and stochastic optimization.},
  author={Duchi, John and Hazan, Elad and Singer, Yoram},
  journal={Journal of machine learning research},
  volume={12},
  number={7},
  year={2011}
}

@inproceedings{lacroix2018canonical,
  title={Canonical tensor decomposition for knowledge base completion},
  author={Lacroix, Timoth{\'e}e and Usunier, Nicolas and Obozinski, Guillaume},
  booktitle={International Conference on Machine Learning},
  pages={2863--2872},
  year={2018},
  organization={PMLR}
}

@inproceedings{xu2021temporal,
  title={Temporal knowledge graph completion using a linear temporal regularizer and multivector embeddings},
  author={Xu, Chengjin and Chen, Yung-Yu and Nayyeri, Mojtaba and Lehmann, Jens},
  booktitle={Proceedings of the 2021 Conference of the North American Chapter of the Association for Computational Linguistics: Human Language Technologies},
  pages={2569--2578},
  year={2021}
}

@book{em:86,
  editor  = "Engelmore, Robert and Morgan, Anthony",
  title   = "Blackboard Systems",
  year    = 1986,
  address = "Reading, Mass.",
  publisher = "Addison-Wesley",
}

@inproceedings{c:83,
  author  = "Clancey, William J.",
  year    = 1983,
  title   = "{Communication, Simulation, and Intelligent
Agents: Implications of Personal Intelligent Machines
for Medical Education}",
  booktitle="Proceedings of the Eighth International Joint Conference on Artificial Intelligence {(IJCAI-83)}", 
  pages   = "556-560",
  address = "Menlo Park, Calif",
  publisher = "{IJCAI Organization}",
}
@inproceedings{c:84,
  author  = "Clancey, William J.",
  year    = 1984,
  title   = "{Classification Problem Solving}",
  booktitle = "Proceedings of the Fourth National 
              Conference on Artificial Intelligence",
  pages   = "45-54",
  address = "Menlo Park, Calif.",
  publisher="AAAI Press",
}
@article{r:80,
  author = {Robinson, Arthur L.},
  title = {New Ways to Make Microcircuits Smaller},
  volume = {208},
  number = {4447},
  pages = {1019--1022},
  year = {1980},
  doi = {10.1126/science.208.4447.1019},
  publisher = {American Association for the Advancement of Science},
  issn = {0036-8075},
  URL = {https://science.sciencemag.org/content/208/4447/1019},
  eprint = {https://science.sciencemag.org/content/208/4447/1019.full.pdf},
  journal = {Science},
}
@article{r:80x,
  author  = "Robinson, Arthur L.",
  year    = 1980,
  title   = "{New Ways to Make Microcircuits Smaller---Duplicate Entry}",
  journal = "Science",
  volume  =  208,
  pages   = "1019-1026",
}
@article{hcr:83,
title = {Strategic explanations for a diagnostic consultation system},
journal = {International Journal of Man-Machine Studies},
volume = {20},
number = {1},
pages = {3-19},
year = {1984},
issn = {0020-7373},
doi = {https://doi.org/10.1016/S0020-7373(84)80003-6},
url = {https://www.sciencedirect.com/science/article/pii/S0020737384800036},
author = {Diane Warner Hasling and William J. Clancey and Glenn Rennels},
abstract = {This article examines the problem of automatte explanation of reasoning, especially as it relates to expert systems. By explanation we mean the ability of a program to discuss what it is doing in some understandable way. We first present a general framework in which to view explanation and review some of the research done in this area. We then focus on the explanation system for NEOMYCIN, a medical consultation program. A consultation program interactively helps a user to solve a problem. Our goal is to have NEOMYCIN explain its problem-solving strategies. An explanation of strategy describes the plan the program is using to reach a solution. Such an explanation is usually concrete, referring to aspects of the current problem situation. Abstract explanations articulate a general principle, which can be applied in different situations; such explanations are useful in teaching and in explaining by analogy. We describe the aspects of NEOMYCIN that make abstract strategic explanations possible—the representation of strategic knowledge explicitly and separately from domain knowledge— and demonstrate how this representation can be used to generate explanations.}
}
@article{hcrt:83,
  author  = "Hasling, Diane Warner and Clancey, William J. and Rennels, Glenn R. and Test, Thomas",
  year    = 1983,
  title   = "{Strategic Explanations in Consultation---Duplicate}",
  journal = "The International Journal of Man-Machine Studies",
  volume  = 20,
  number  = 1,
  pages   = "3-19",
}
@techreport{r:86,
  author  = "Rice, James",
  year    = 1986,
  title   = "{Poligon: A System for Parallel Problem Solving}",
  type    = "Technical Report", 
  number  = "KSL-86-19", 
  institution = "Dept.\ of Computer Science, Stanford Univ.",
}
@phdthesis{c:79,
  author  = "Clancey, William J.",
  year    = 1979,
  title   = "{Transfer of Rule-Based Expertise
through a Tutorial Dialogue}",
  type    = "{Ph.D.} diss.",
  school  = "Dept.\ of Computer Science, Stanford Univ.",
  address = "Stanford, Calif.",
}
@unpublished{c:21,
  author  = "Clancey, William J.",
  title   = "{The Engineering of Qualitative Models}",
  year    = 2021,
  note    = "Forthcoming",
}
@misc{c:22,
      title={Crime and punishment in scientific research}, 
      author={Mathieu Bouville},
      year={2008},
      eprint={0803.4058},
      archivePrefix={arXiv},
      primaryClass={physics.soc-ph}
}
@misc{c:23,
  title        = "Pluto: The 'Other' Red Planet",
  author       = "{NASA}",
  howpublished = "\url{https://www.nasa.gov/nh/pluto-the-other-red-planet}",
  year         = 2015,
  note         = "Accessed: 2018-12-06"
}