@article{chang2015shapenet,
  title={Shapenet: An information-rich 3d model repository},
  author={Chang, Angel X and et al.},
  journal={arXiv preprint arXiv:1512.03012},
  year={2015}
}

@inproceedings{lpt2013ikea,
   title={{Parsing IKEA Objects: Fine Pose Estimation}},
   author={Joseph J. Lim and Hamed Pirsiavash and Antonio Torralba},
   booktitle={ICCV},
   year={2013}
}

@inproceedings{girdhar2016learning,
  title={Learning a predictable and generative vector representation for objects},
  author={Girdhar, Rohit and Fouhey, David F and Rodriguez, Mikel and Gupta, Abhinav},
  booktitle={ECCV},
  pages={484--499},
  year={2016},
  organization={Springer}
}


@inproceedings{zhang2019wide,
  title={Wide-Area Crowd Counting via Ground-Plane Density Maps and Multi-View Fusion CNNs},
  author={Zhang, Qi and Chan, Antoni B},
  booktitle={CVPR},
  pages={8297--8306},
  year={2019}
}

@inproceedings{yan2016perspective,
  title={Perspective transformer nets: Learning single-view 3d object reconstruction without 3d supervision},
  author={Yan, Xinchen and Yang, Jimei and et al.},
  booktitle={NIPS},
  pages={1696--1704},
  year={2016}
}

@inproceedings{choy20163d,
  title={3d-r2n2: A unified approach for single and multi-view 3d object reconstruction},
  author={Choy, Christopher B and Xu, Danfei and Gwak, JunYoung and Chen, Kevin and Savarese, Silvio},
  booktitle={ECCV},
  pages={628--644},
  year={2016},
  organization={Springer}
}

@inproceedings{kar2017learning,
  title={Learning a multi-view stereo machine},
  author={Kar, Abhishek and H{\"a}ne, Christian and Malik, Jitendra},
  booktitle={NIPS},
  pages={365--376},
  year={2017}
}

@inproceedings{lin2018learning,
  title={Learning efficient point cloud generation for dense 3D object reconstruction},
  author={Lin, Chen-Hsuan and Kong, Chen and Lucey, Simon},
  booktitle={AAAI Conference on Artificial Intelligence},
  year={2018}
}

@inproceedings{huang2018deepmvs,
  title={Deepmvs: Learning multi-view stereopsis},
  author={Huang, Po-Han and Matzen, Kevin and et al.},
  booktitle={CVPR},
  pages={2821--2830},
  year={2018}
}














@article{sindagi2018survey,
  title={A survey of recent advances in cnn-based single image crowd counting and density estimation},
  author={Sindagi, Vishwanath A and Patel, Vishal M},
  journal={Pattern Recognition Letters},
  volume={107},
  pages={3-16},
  year={2018},
  publisher={Elsevier}
}

@article{zhang2000flexible,
  title={A flexible new technique for camera calibration},
  author={Zhang, Zhengyou},
  journal={IEEE Transactions on pattern analysis and machine intelligence},
  volume={22},
  year={2000}
}

@article{viola2004robust,
  title={Robust real-time face detection},
  author={Viola, Paul and Jones, Michael J},
  journal={International Journal of Computer Vision},
  volume={57},
  number={2},
  pages={137--154},
  year={2004},
  publisher={Springer}
}

@inproceedings{sabzmeydani2007detecting,
  title={Detecting pedestrians by learning shapelet features},
  author={Sabzmeydani, Payam and Mori, Greg},
  booktitle={CVPR},
  pages={1--8},
  year={2007},
  organization={IEEE}
}


@article{wu2007detection,
  title={Detection and tracking of multiple, partially occluded humans by bayesian combination of edgelet based part detectors},
  author={Wu, Bo and Nevatia, Ram},
  journal={International Journal of Computer Vision},
  volume={75},
  number={2},
  pages={247--266},
  year={2007},
  publisher={Springer}
}


@article{viola2005detecting,
  title={Detecting pedestrians using patterns of motion and appearance},
  author={Viola, Paul and Jones, Michael J and Snow, Daniel},
  journal={International Journal of Computer Vision},
  volume={63},
  number={2},
  pages={153--161},
  year={2005},
  publisher={Springer}
}

@article{gall2011hough,
  title={Hough forests for object detection, tracking, and action recognition},
  author={Gall, Juergen and Yao, Angela and Razavi, Nima and Van Gool, Luc and Lempitsky, Victor},
  journal={IEEE Transactions on Pattern Analysis and Machine Intelligence},
  volume={33},
  number={11},
  pages={2188--2202},
  year={2011},
  publisher={IEEE}
}

@inproceedings{li2008estimating,
  title={Estimating the number of people in crowded scenes by mid based foreground segmentation and head-shoulder detection},
  author={Li, Min and Zhang, Zhaoxiang and Huang, Kaiqi and Tan, Tieniu},
  booktitle={19th International Conference on Pattern Recognition (ICPR)},
  pages={1--4},
  year={2008},
  organization={IEEE}
}

@inproceedings{patzold2010counting,
  title={Counting people in crowded environments by fusion of shape and motion information},
  author={Patzold, Michael and Evangelio, Rub{\'e}n Heras and Sikora, Thomas},
  booktitle={2010 Seventh IEEE International Conference on Advanced Video and Signal Based Surveillance (AVSS), },
  pages={157--164},
  year={2010},
  organization={IEEE}
}

@article{zhao2008segmentation,
  title={Segmentation and tracking of multiple humans in crowded environments},
  author={Zhao, Tao and Nevatia, Ram and Wu, Bo},
  journal={IEEE Transactions on Pattern Analysis and Machine Intelligence},
  volume={30},
  number={7},
  pages={1198--1211},
  year={2008},
  publisher={IEEE}
}

@inproceedings{ge2009marked,
  title={Marked point processes for crowd counting},
  author={Ge, Weina and Collins, Robert T},
  booktitle={CVPR},
  pages={2913--2920},
  year={2009},
  organization={IEEE}
}

@article{cheng2014recognizing,
  title={Recognizing human group action by layered model with multiple cues},
  author={Cheng, Zhongwei and Qin, Lei and Huang, Qingming and Yan, Shuicheng and Tian, Qi},
  journal={Neurocomputing},
  volume={136},
  pages={124--135},
  year={2014},
  publisher={Elsevier}
}

@article{junior2010crowd,
  title={Crowd analysis using computer vision techniques},
  author={Junior, Julio Cezar Silveira Jacques and Musse, Soraia Raupp and Jung, Claudio Rosito},
  journal={IEEE Signal Processing Magazine},
  volume={27},
  number={5},
  pages={66--77},
  year={2010},
  publisher={IEEE}
}

@inproceedings{krizhevsky2012imagenet,
  title={Imagenet classification with deep convolutional neural networks},
  author={Krizhevsky, Alex and Sutskever, Ilya and Hinton, Geoffrey E},
  booktitle={Advances in Neural Information Processing Systems},
  pages={1097--1105},
  year={2012}
}

@inproceedings{paragios2001mrf,
  title={A MRF-based approach for real-time subway monitoring},
  author={Paragios, Nikos and Ramesh, Visvanathan},
  booktitle={CVPR},
  volume={1},
  year={2001},
  organization={IEEE}
}

@inproceedings{marana1998efficacy,
  title={On the efficacy of texture analysis for crowd monitoring},
  author={Marana, AN and Costa, L da F and Lotufo, RA and Velastin, SA},
  booktitle={International Symposium on Computer Graphics, Image Processing, and Vision},
  pages={354--361},
  year={1998},
  organization={IEEE}
}

@inproceedings{lempitsky2010learning,
  title={Learning to count objects in images},
  author={Lempitsky, Victor and Zisserman, Andrew},
  booktitle={Advances in Neural Information Processing Systems},
  pages={1324--1332},
  year={2010}
}

@inproceedings{pham2015count,
  title={Count forest: Co-voting uncertain number of targets using random forest for crowd density estimation},
  author={Pham, Viet-Quoc and Kozakaya, Tatsuo and Yamaguchi, Osamu and Okada, Ryuzo},
  booktitle={CVPR},
  pages={3253--3261},
  year={2015}
}

@inproceedings{wang2016fast,
  title={Fast visual object counting via example-based density estimation},
  author={Wang, Yi and Zou, Yuexian},
  booktitle={IEEE International Conference on Image Processing (ICIP)},
  pages={3653--3657},
  year={2016},
  organization={IEEE}
}

@inproceedings{xu2016crowd,
  title={Crowd density estimation based on rich features and random projection forest},
  author={Xu, Bolei and Qiu, Guoping},
  booktitle={IEEE Winter Conference on Applications of Computer Vision (WACV)},
  pages={1--8},
  year={2016}
}

@inproceedings{zhang2015cross,
  title={Cross-scene crowd counting via deep convolutional neural networks},
  author={Zhang, Cong and Li, Hongsheng and et al.},
  booktitle={CVPR},
  pages={833--841},
  year={2015}
}

@inproceedings{boominathan2016crowdnet,
  title={Crowdnet: A deep convolutional network for dense crowd counting},
  author={Boominathan, Lokesh and Kruthiventi, Srinivas SS and Babu, R Venkatesh},
  booktitle={ACM Multimedia Conference},
  pages={640--644},
  year={2016},
  organization={ACM}
}

@inproceedings{zhang2016single,
  title={Single-image crowd counting via multi-column convolutional neural network},
  author={Zhang, Yingying and et al.},
  booktitle={CVPR},
  pages={589--597},
  year={2016},
}

@inproceedings{onoro2016towards,
  title={Towards perspective-free object counting with deep learning},
  author={Onoro-Rubio, Daniel and L{\'o}pez-Sastre, Roberto J},
  booktitle={ECCV},
  pages={615--629},
  year={2016},
  organization={Springer}
}

@inproceedings{Kang2018Crowd,
  title={Crowd Counting by Adaptively Fusing Predictions from an Image Pyramid},
  author={Kang, Di and Chan, Antoni},
  booktitle={BMVC},
  year={2018},
}


@inproceedings{sam2017switching,
  title={Switching convolutional neural network for crowd counting},
  author={Sam, Deepak Babu and Surya, Shiv and Babu, R Venkatesh},
  booktitle={CVPR},
  pages={4031--4039},
  year={2017}
}

@inproceedings{ren2018fusing,
  title={Fusing Crowd Density Maps and Visual Object Trackers for People Tracking in Crowd Scenes},
  author={Ren, Weihong and Kang, Di and Tang, Yandong and Chan, Antoni B},
  booktitle={CVPR},
  pages={5353-5362},
  year={2018}
}

@inproceedings{li2018csrnet,
  title={Csrnet: Dilated convolutional neural networks for understanding the highly congested scenes},
  author={Li, Yuhong and Zhang, Xiaofan and Chen, Deming},
  booktitle={CVPR},
  pages={1091--1100},
  year={2018}
}


@inproceedings{sindagi2017generating,
  title={Generating high-quality crowd density maps using contextual pyramid cnns},
  author={Sindagi, Vishwanath A and Patel, Vishal M},
  booktitle={ICCV},
  pages={1879--1888},
  year={2017}
}

@inproceedings{kang2017incorporating,
  title={Incorporating Side Information by Adaptive Convolution},
  author={Kang, Di and Dhar, Debarun and Chan, Antoni},
  booktitle={Advances in Neural Information Processing Systems},
  pages={3867--3877},
  year={2017}
}


@inproceedings{shi2019revisiting,
  title={Revisiting perspective information for efficient crowd counting},
  author={Shi, Miaojing and Yang, Zhaohui and et al.},
  booktitle={CVPR},
  pages={7279--7288},
  year={2019}
}

@article{dittrich2017people,
  title={People Counting in Crowded and Outdoor Scenes using a Hybrid Multi-Camera Approach},
  author={Dittrich, Fabio and de Oliveira, Luiz ES and Britto Jr, Alceu S and Koerich, Alessandro L},
  journal={arXiv preprint arXiv:1704.00326},
  year={2017}
}


@article{ma2012reliable,
  title={A reliable people counting system via multiple cameras},
  author={Ma, Huadong and Zeng, Chengbin and Ling, Charles X},
  journal={ACM Transactions on Intelligent Systems and Technology (TIST)},
  volume={3},
  number={2},
  pages={31},
  year={2012},
  publisher={ACM}
}

@inproceedings{li2012people,
  title={People counting across multiple cameras for intelligent video surveillance},
  author={Li, Jingwen and Huang, Lei and Liu, Changping},
  booktitle={IEEE Ninth International Conference on Advanced Video and Signal-Based Surveillance (AVSS)},
  pages={178--183},
  year={2012},
  organization={IEEE}
}

@article{Maddalena2014people,
  title={People counting by learning their appearance in a multi-view camera environment},
  author={L. Maddalena and A. Petrosino and F. Russo},
  journal={Pattern Recognition Letters},
  volume={36},
  pages={125-134},
  year={2014}
}

@inproceedings{Ge2010Crowd,
  title={Crowd Detection with a Multiview Sampler},
  author={Ge, Weina and Collins, Robert T.},
  booktitle={ECCV},
  pages={324-337},
  year={2010},
}

@article{Tang2014Cross,
  title={Cross-Camera Knowledge Transfer for Multiview People Counting.},
  author={Tang, N. and Lin, Y. Y. and Weng, M. F. and Liao, H. Y.},
  journal={IEEE Transactions on Image Processing},
  volume={24},
  number={1},
  pages={80-93},
  year={2014},
}

@article{Ryan2014Scene,
  title={Scene invariant multi camera crowd counting},
  author={Ryan, David and Denman, Simon and Fookes, Clinton and Sridharan, Sridha},
  journal={Pattern Recognition Letters},
  volume={44},
  number={8},
  pages={98-112},
  year={2014},
}

@inproceedings{Idrees2013Multi,
  title={Multi-source Multi-scale Counting in Extremely Dense Crowd Images},
  author={Idrees, Haroon and Saleemi, Imran and Seibert, Cody and Shah, Mubarak},
  booktitle={CVPR},
  pages={2547-2554},
  year={2013},
}

@inproceedings{Chan2008Privacy,
  title={Privacy preserving crowd monitoring: Counting people without people models or tracking},
  author={Chan, Antoni B. and Liang, Zhang Sheng John and Vasconcelos, Nuno},
  booktitle={CVPR},
  pages={1-7},
  year={2008},
}

@inproceedings{Chen2012Feature,
  title={Feature mining for localised crowd counting},
  author={K. Chen and L. C. Chen and S. Gong and T. Xiang},
  booktitle={BMVC},
  year={2012},
}



@inproceedings{ristani2016performance,
  title={Performance measures and a data set for multi-target, multi-camera tracking},
  author={Ristani, Ergys and Solera, Francesco and Zou, Roger and Cucchiara, Rita and Tomasi, Carlo},
  booktitle={ECCV},
  pages={17--35},
  year={2016},
}

@article{Jerome2011Multiple,
  title={Multiple Object Tracking Using K-Shortest Paths Optimization},
  author={Jerome Berclaz and Francois Fleuret and Engin Turetken and Pascal Fua},
  journal={IEEE Transactions on Pattern Analysis and Machine Intelligence},
  volume={33},
  number={9},
  pages={1806-1819},
  year={2011},
}

@inproceedings{Xu2016Multi,
  title={Multi-view People Tracking via Hierarchical Trajectory Composition},
  author={Xu, Yuanlu and Liu, Xiaobai and Liu, Yang and Zhu, Song Chun},
  booktitle={CVPR},
  pages={4256-4265},
  year={2016},
}

@inproceedings{ferryman2009pets2009,
  title={Pets2009: Dataset and challenge},
  author={Ferryman, James and Shahrokni, Ali},
  booktitle={IEEE International Workshop on Performance Evaluation of Tracking and Surveillance},
  pages={1--6},
  year={2009}
  }

@inproceedings{ristani2016MTMC,
  title =        {Performance Measures and a Data Set for Multi-Target, Multi-Camera Tracking},
  author =       {Ristani, Ergys and Solera, Francesco and et al.},
  booktitle =    {ECCV workshop on Benchmarking Multi-Target Tracking},
  year =         {2016}
}

@article{leal2015motchallenge,
  title={Motchallenge 2015: Towards a benchmark for multi-target tracking},
  author={Leal-Taix{\'e}, Laura and Milan, Anton and Reid, Ian and Roth, Stefan and Schindler, Konrad},
  journal={arXiv preprint arXiv:1504.01942},
  year={2015}
}


@inproceedings{Jaderberg2015Spatial,
  title={Spatial Transformer Networks},
  author={Jaderberg, Max and Simonyan, Karen and Zisserman, Andrew and Kavukcuoglu, Koray},
  booktitle={Advances in Neural Information Processing Systems},
  pages={2017-2025},
  year={2015},
}

@book{Chen2013Crowd,
  title={Crowd Counting and Profiling: Methodology and Evaluation},
  author={Chen, Change Loy and Chen, Ke and Gong, Shaogang and Xiang, Tao},
  publisher={Springer New York},
  pages={347-382},
  year={2013},
}



@inproceedings{rodriguez2011density,
  title={Density-aware person detection and tracking in crowds},
  author={Rodriguez, Mikel and Laptev, Ivan and Sivic, Josef and Audibert, Jean-Yves},
  booktitle={ICCV},
  pages={2423--2430},
  year={2011}
}

@article{kang2018beyond,
  title={Beyond counting: comparisons of density maps for crowd analysis tasks-counting, detection, and tracking},
  author={Kang, Di and Ma, Zheng and Chan, Antoni B},
  journal={IEEE Transactions on Circuits and Systems for Video Technology},
  year={2018}
}

@inproceedings{eiselein2013enhancing,
  title={Enhancing human detection using crowd density measures and an adaptive correction filter},
  author={Eiselein, Volker and Fradi, Hajer and Keller, Ivo and Sikora, Thomas and Dugelay, Jean-Luc},
  booktitle={IEEE International Conference on Advanced Video and Signal Based Surveillance},
  pages={19--24},
  year={2013}
}

@inproceedings{cao2018scale,
  title={Scale Aggregation Network for Accurate and Efficient Crowd Counting},
  author={Cao, Xinkun and Wang, Zhipeng and et al.},
  booktitle={ECCV},
  pages={734--750},
  year={2018}
}

@inproceedings{ma2015small,
  title={Small instance detection by integer programming on object density maps},
  author={Ma, Zheng and Yu, Lei and Chan, Antoni B},
  booktitle={CVPR},
  pages={3689--3697},
  year={2015}
}

@misc{dutta2016via,
  author = {Dutta, A. and Gupta, A. and Zissermann, A.},
  title = {{VGG} Image Annotator ({VIA})},
  year = {2016},
  howpublished = {\url{http://www.robots.ox.ac.uk/\~{vgg/software/via/}}},
  note = {Version: 1.0.4, Accessed: Dec. 21, 2017.}
}

@inproceedings{joachims1998text,
  title={Text categorization with support vector machines: Learning with many relevant features},
  author={Joachims, Thorsten},
  booktitle={ECCV},
  pages={137--142},
  year={1998}
}

@inproceedings{ranjan2018iterative,
  title={Iterative crowd counting},
  author={Ranjan, Viresh and Le, Hieu and Hoai, Minh},
  booktitle={ECCV},
  pages={270--285},
  year={2018}
}
@inproceedings{shen2018crowd,
  title={Crowd counting via adversarial cross-scale consistency pursuit},
  author={Shen, Zan and Xu, Yi and Ni, Bingbing and Wang, Minsi and Hu, Jianguo and Yang, Xiaokang},
  booktitle={CVPR},
  pages={5245--5254},
  year={2018}
}
@inproceedings{liu2018decidenet,
  title={Decidenet: Counting varying density crowds through attention guided detection and density estimation},
  author={Liu, Jiang and Gao, Chenqiang and Meng, Deyu and Hauptmann, Alexander G},
  booktitle={CVPR},
  pages={5197--5206},
  year={2018}
}


@inproceedings{idrees2018composition,
  title={Composition loss for counting, density map estimation and localization in dense crowds},
  author={Idrees, Haroon and et al.},
  booktitle={ECCV},
  pages={532--546},
  year={2018}
}


@article{chan2012counting,
  title={Counting people with low-level features and Bayesian regression},
  author={Chan, Antoni B and Vasconcelos, Nuno},
  journal={IEEE Transactions on Image Processing},
  volume={21},
  number={4},
  pages={2160--2177},
  year={2012}
}

@inproceedings{ren2015faster,
  title={Faster r-cnn: Towards real-time object detection with region proposal networks},
  author={Ren, Shaoqing and He, Kaiming and Girshick, Ross and Sun, Jian},
  booktitle={Advances in neural information processing systems},
  pages={91--99},
  year={2015}
}



@inproceedings{liao2015person,
  title={Person re-identification by local maximal occurrence representation and metric learning},
  author={Liao, Shengcai and Hu, Yang and Zhu, Xiangyu and Li, Stan Z},
  booktitle={CVPR},
  pages={2197--2206},
  year={2015}
}





@InProceedings{Lian2019Density,
author = {Lian, Dongze and Li, Jing and Zheng, Jia and Luo, Weixin and Gao, Shenghua},
title = {Density Map Regression Guided Detection Network for RGB-D Crowd Counting and Localization},
booktitle = {CVPR},
pages={1821-1830},
year = {2019}
}
@InProceedings{Wang2019Learning,
author = {Wang, Qi and Gao, Junyu and et al.},
title = {Learning From Synthetic Data for Crowd Counting in the Wild},
booktitle = {CVPR},
pages={8198-8207},
year = {2019}
}




@InProceedings{Liu2019Recurrent,
author = {Liu, Chenchen and et al.},
title = {Recurrent Attentive Zooming for Joint Crowd Counting and Precise Localization},
booktitle = {CVPR},
pages={1217-1226},
year = {2019}
}

@InProceedings{Jiang2019Crowd,
author = {Jiang, Xiaolong and et al.},
title = {Crowd Counting and Density Estimation by Trellis Encoder-Decoder Networks},
booktitle = {CVPR},
pages={6133-6142},
year = {2019}
}

@InProceedings{Liu2019Context,
author = {Liu, Weizhe and Salzmann, Mathieu and Fua, Pascal},
title = {Context-Aware Crowd Counting},
pages={5099--5108},
booktitle = {CVPR},
year = {2019}
}

@InProceedings{Iskakov2019Learnable,
  title={Learnable Triangulation of Human Pose},
  author={Iskakov, Karim and Burkov, Egor and Lempitsky, Victor and Malkov, Yury},
  booktitle={ICCV},
  year={2019}
}
