@article{greenwade93,
    author  = "George D. Greenwade",
    title   = "The {C}omprehensive {T}ex {A}rchive {N}etwork ({CTAN})",
    year    = "1993",
    journal = "TUGBoat",
    volume  = "14",
    number  = "3",
    pages   = "342--351"
}

@article{MSP,
  title={A baseline for detecting misclassified and out-of-distribution examples in neural networks},
  author={Hendrycks, Dan and Gimpel, Kevin},
  journal={arXiv preprint arXiv:1610.02136},
  year={2016}
}

@article{liang2017enhancing,
  title={Enhancing the reliability of out-of-distribution image detection in neural networks},
  author={Liang, Shiyu and Li, Yixuan and Srikant, Rayadurgam},
  journal={arXiv preprint arXiv:1706.02690},
  year={2017}
}

@article{cifar,
  title={Learning multiple layers of features from tiny images},
  author={Krizhevsky, Alex and Hinton, Geoffrey and others},
  year={2009},
  publisher={Toronto, ON, Canada}
}

@inproceedings{textures,
  title={Describing textures in the wild},
  author={Cimpoi, Mircea and Maji, Subhransu and Kokkinos, Iasonas and Mohamed, Sammy and Vedaldi, Andrea},
  booktitle={Proceedings of the IEEE conference on computer vision and pattern recognition},
  pages={3606--3613},
  year={2014}
}

@article{LSUN,
  title={Lsun: Construction of a large-scale image dataset using deep learning with humans in the loop},
  author={Yu, Fisher and Seff, Ari and Zhang, Yinda and Song, Shuran and Funkhouser, Thomas and Xiao, Jianxiong},
  journal={arXiv preprint arXiv:1506.03365},
  year={2015}
}

@article{TinyImageNet,
  title={React: Out-of-distribution detection with rectified activations},
  author={Sun, Yiyou and Guo, Chuan and Li, Yixuan},
  journal={Advances in Neural Information Processing Systems},
  volume={34},
  pages={144--157},
  year={2021}
}

@article{SVHN,
  title={Reading digits in natural images with unsupervised feature learning},
  author={Netzer, Yuval and Wang, Tao and Coates, Adam and Bissacco, Alessandro and Wu, Bo and Ng, Andrew Y},
  year={2011}
}

@article{Places365,
  title={Semantic-aware scene recognition},
  author={L{\'o}pez-Cifuentes, Alejandro and Escudero-Vinolo, Marcos and Besc{\'o}s, Jes{\'u}s and Garc{\'\i}a-Mart{\'\i}n, {\'A}lvaro},
  journal={Pattern Recognition},
  volume={102},
  pages={107256},
  year={2020},
  publisher={Elsevier}
}

@InProceedings{kirchheim2022pytorch,
    author    = {Kirchheim, Konstantin and Filax, Marco and Ortmeier, Frank},
    title     = {PyTorch-OOD: A Library for Out-of-Distribution Detection Based on PyTorch},
    booktitle = {Proceedings of the IEEE/CVF Conference on Computer Vision and Pattern Recognition (CVPR) Workshops},
    month     = {June},
    year      = {2022},
    pages     = {4351-4360}
}

@article{AUROC,
  title={The meaning and use of the area under a receiver operating characteristic (ROC) curve.},
  author={Hanley, James A and McNeil, Barbara J},
  journal={Radiology},
  volume={143},
  number={1},
  pages={29--36},
  year={1982}
}

@inproceedings{AUPR,
  title={The relationship between Precision-Recall and ROC curves},
  author={Davis, Jesse and Goadrich, Mark},
  booktitle={Proceedings of the 23rd international conference on Machine learning},
  pages={233--240},
  year={2006}
}

@article{mixup,
  title={mixup: Beyond empirical risk minimization},
  author={Zhang, Hongyi and Cisse, Moustapha and Dauphin, Yann N and Lopez-Paz, David},
  journal={arXiv preprint arXiv:1710.09412},
  year={2017}
}

@inproceedings{cutmix,
  title={Cutmix: Regularization strategy to train strong classifiers with localizable features},
  author={Yun, Sangdoo and Han, Dongyoon and Oh, Seong Joon and Chun, Sanghyuk and Choe, Junsuk and Yoo, Youngjoon},
  booktitle={Proceedings of the IEEE/CVF international conference on computer vision},
  pages={6023--6032},
  year={2019}
}

@inproceedings{manifoldmixup,
  title={Manifold mixup: Better representations by interpolating hidden states},
  author={Verma, Vikas and Lamb, Alex and Beckham, Christopher and Najafi, Amir and Mitliagkas, Ioannis and Lopez-Paz, David and Bengio, Yoshua},
  booktitle={International conference on machine learning},
  pages={6438--6447},
  year={2019},
  organization={PMLR}
}

@article{finetuning,
  title={How transferable are features in deep neural networks?},
  author={Yosinski, Jason and Clune, Jeff and Bengio, Yoshua and Lipson, Hod},
  journal={Advances in neural information processing systems},
  volume={27},
  year={2014}
}

@article{uniform,
  title={A baseline for detecting misclassified and out-of-distribution examples in neural networks},
  author={Hendrycks, Dan and Gimpel, Kevin},
  journal={arXiv preprint arXiv:1610.02136},
  year={2016}
}

@article{imagenet_aug,
  title={Imagenet large scale visual recognition challenge},
  author={Russakovsky, Olga and Deng, Jia and Su, Hao and Krause, Jonathan and Satheesh, Sanjeev and Ma, Sean and Huang, Zhiheng and Karpathy, Andrej and Khosla, Aditya and Bernstein, Michael and others},
  journal={International journal of computer vision},
  volume={115},
  pages={211--252},
  year={2015},
  publisher={Springer}
}

@inproceedings{kirby,
  title={Key feature replacement of in-distribution samples for out-of-distribution detection},
  author={Kim, Jaeyoung and Kong, Seo Taek and Na, Dongbin and Jung, Kyu-Hwan},
  booktitle={Proceedings of the AAAI Conference on Artificial Intelligence},
  volume={37},
  number={7},
  pages={8246--8254},
  year={2023}
}

@article{gan,
  title={Training confidence-calibrated classifiers for detecting out-of-distribution samples},
  author={Lee, Kimin and Lee, Honglak and Lee, Kibok and Shin, Jinwoo},
  journal={arXiv preprint arXiv:1711.09325},
  year={2017}
}

@article{odin,
  title={Enhancing the reliability of out-of-distribution image detection in neural networks},
  author={Liang, Shiyu and Li, Yixuan and Srikant, Rayadurgam},
  journal={arXiv preprint arXiv:1706.02690},
  year={2017}
}

@article{mahalanobis,
  title={A simple unified framework for detecting out-of-distribution samples and adversarial attacks},
  author={Lee, Kimin and Lee, Kibok and Lee, Honglak and Shin, Jinwoo},
  journal={Advances in neural information processing systems},
  volume={31},
  year={2018}
}

@article{energy,
  title={Energy-based out-of-distribution detection},
  author={Liu, Weitang and Wang, Xiaoyun and Owens, John and Li, Yixuan},
  journal={Advances in neural information processing systems},
  volume={33},
  pages={21464--21475},
  year={2020}
}

@inproceedings{vim,
  title={Vim: Out-of-distribution with virtual-logit matching},
  author={Wang, Haoqi and Li, Zhizhong and Feng, Litong and Zhang, Wayne},
  booktitle={Proceedings of the IEEE/CVF conference on computer vision and pattern recognition},
  pages={4921--4930},
  year={2022}
}

@article{KLmatchingLogits,
  title={Scaling out-of-distribution detection for real-world settings},
  author={Hendrycks, Dan and Basart, Steven and Mazeika, Mantas and Zou, Andy and Kwon, Joe and Mostajabi, Mohammadreza and Steinhardt, Jacob and Song, Dawn},
  journal={arXiv preprint arXiv:1911.11132},
  year={2019}
}

@inproceedings{entropy,
  title={Entropy maximization and meta classification for out-of-distribution detection in semantic segmentation},
  author={Chan, Robin and Rottmann, Matthias and Gottschalk, Hanno},
  booktitle={Proceedings of the ieee/cvf international conference on computer vision},
  pages={5128--5137},
  year={2021}
}

@article{MaxLigit,
  title={Scaling out-of-distribution detection for real-world settings},
  author={Hendrycks, Dan and Basart, Steven and Mazeika, Mantas and Zou, Andy and Kwon, Joe and Mostajabi, Mohammadreza and Steinhardt, Jacob and Song, Dawn},
  journal={arXiv preprint arXiv:1911.11132},
  year={2019}
}

@inproceedings{DICE,
  title={DICE: Leveraging Sparsification for Out-of-Distribution Detection},
  author={Sun, Yiyou and Li, Yixuan},
  booktitle={European Conference on Computer Vision},
  year={2022}
}

@article{RMD,
  title={A simple fix to mahalanobis distance for improving near-ood detection},
  author={Ren, Jie and Fort, Stanislav and Liu, Jeremiah and Roy, Abhijit Guha and Padhy, Shreyas and Lakshminarayanan, Balaji},
  journal={arXiv preprint arXiv:2106.09022},
  year={2021}
}

@article{OE,
  title={Deep anomaly detection with outlier exposure},
  author={Hendrycks, Dan and Mazeika, Mantas and Dietterich, Thomas},
  journal={arXiv preprint arXiv:1812.04606},
  year={2018}
}

@article{WideResnet,
  title={Wide residual networks},
  author={Zagoruyko, Sergey and Komodakis, Nikos},
  journal={arXiv preprint arXiv:1605.07146},
  year={2016}
}

@incollection{SGD,
  title={Stochastic gradient descent tricks},
  author={Bottou, L{\'e}on},
  booktitle={Neural Networks: Tricks of the Trade: Second Edition},
  pages={421--436},
  year={2012},
  publisher={Springer}
}