%% This BibTeX bibliography file was created using BibDesk.
%% https://bibdesk.sourceforge.io/

%% Created for Omer Lev at 2023-08-15 17:10:54 +0300 


%% Saved with string encoding Unicode (UTF-8) 

@article{schapire2013boosting,
  title={Boosting: Foundations and algorithms},
  author={Schapire, Robert E and Freund, Yoav},
  journal={Kybernetes},
  volume={42},
  number={1},
  pages={164--166},
  year={2013},
  publisher={Emerald Group Publishing Limited}
}

@book{Tal07,
	author = {Nassim Nicholas Taleb},
	date-added = {2023-08-14 11:26:50 +0300},
	date-modified = {2023-08-14 11:27:32 +0300},
	publisher = {Random House},
	title = {The Black Swan: The Impact of the Highly Improbable},
	year = {2007}}

@article{taylor1992characterization,
	author = {Taylor, Alan and Zwicker, William},
	journal = {Proceedings of the American mathematical society},
	number = {4},
	pages = {1089--1094},
	title = {A characterization of weighted voting},
	volume = {115},
	year = {1992}}

@article{berend2015finite,
	author = {Berend, Daniel and Kontorovich, Aryeh},
	journal = {J. Mach. Learn. Res.},
	number = {1},
	pages = {1519--1545},
	title = {A finite sample analysis of the Naive Bayes classifier.},
	volume = {16},
	year = {2015}}

@inproceedings{ALMRW16,
	address = {Phoenix, Arizona},
	author = {Haris Aziz and Omer Lev and Nicholas Mattei and Jeffrey S. Rosenschein and Toby Walsh},
	booktitle = {Proceedings of the 30th Conference on Artificial Intelligence (AAAI)},
	date-added = {2023-08-14 04:44:05 +0300},
	date-modified = {2023-08-14 04:44:05 +0300},
	month = {February},
	pages = {397-403},
	title = {Strategyproof Peer Selection: Mechanisms, Analyses, and Experiments},
	year = {2016}}

@article{ALMRW19,
	author = {Haris Aziz and Omer Lev and Nicholas Mattei and Jeffrey S. Rosenschein and Toby Walsh},
	date-added = {2023-08-14 04:44:05 +0300},
	date-modified = {2023-08-14 04:44:05 +0300},
	doi = {https://doi.org/10.1016/j.artint.2019.06.004},
	journal = {Artificial Intelligence (AIJ)},
	month = {October},
	pages = {295-309},
	title = {Strategyproof peer selection using randomization, partitioning, and apportionment},
	volume = {275},
	year = {2019},
	bdsk-url-1 = {https://doi.org/10.1016/j.artint.2019.06.004}}

@article{karotkin1988essential,
	author = {Karotkin, Drora and Nitzal, Samuel and Paroush, Jacob},
	journal = {Theory and Decision},
	pages = {253--268},
	publisher = {Springer},
	title = {The essential ranking of decision rules in small panels of experts},
	volume = {24},
	year = {1988}}

@article{karotkin1994variability,
	author = {Karotkin, Drora and Paroush, Jacob},
	journal = {Journal of Economic Behavior \& Organization},
	number = {3},
	pages = {343--354},
	publisher = {Elsevier},
	title = {Variability of decisional ability and the essential order of decision rules},
	volume = {23},
	year = {1994}}

@article{adam2019no,
	author = {Adam, Stavros P and Alexandropoulos, Stamatios-Aggelos N and Pardalos, Panos M and Vrahatis, Michael N},
	journal = {Approximation and optimization: Algorithms, complexity and applications},
	pages = {57--82},
	publisher = {Springer},
	title = {No free lunch theorem: A review},
	year = {2019}}

@article{wolpert1997no,
	author = {Wolpert, David H and Macready, William G},
	journal = {IEEE transactions on evolutionary computation},
	number = {1},
	pages = {67--82},
	publisher = {IEEE},
	title = {No free lunch theorems for optimization},
	volume = {1},
	year = {1997}}

@inproceedings{witkowski2012peer,
	author = {Witkowski, Jens and Parkes, David C},
	booktitle = {Proceedings of the 13th ACM Conference on Electronic Commerce},
	pages = {964--981},
	title = {Peer prediction without a common prior},
	year = {2012}}

@article{Shah22CACM,
	author = {Nihar B. Shah},
	journal = {Communications of the {ACM}},
	number = {6},
	pages = {76--87},
	title = {Challenges, experiments, and computational solutions in peer review},
	volume = {65},
	year = {2022}}

@inproceedings{bar2003effect,
	author = {Bar-Itzhack, Itzhack and Harman, Richard},
	booktitle = {AIAA Guidance, Navigation, and Control Conference and Exhibit},
	pages = {5485},
	title = {The effect of Sensor Failure on the Attitude and Rate Estimation of the MAP Spacecraft},
	year = {2003}}

@incollection{sep-jury-theorems,
	author = {Dietrich, Franz and Spiekermann, Kai},
	booktitle = {The {Stanford} Encyclopedia of Philosophy},
	edition = {{S}pring 2023},
	editor = {Edward N. Zalta and Uri Nodelman},
	howpublished = {\url{https://plato.stanford.edu/archives/spr2023/entries/jury-theorems/}},
	publisher = {Metaphysics Research Lab, Stanford University},
	title = {{Jury Theorems}},
	year = {2023}}

@book{de1785essai,
	author = {Condorcet, {Marquis De}},
	date-modified = {2023-08-15 17:10:54 +0300},
	publisher = {De l'Imprimerie Royale (Paris)},
	title = {Essai sur l'application de l'analyse {\`a} la probabilit{\'e} des d{\'e}cisions rendues {\`a} la pluralit{\'e} des voix},
	year = {1785}}

@article{LMTZ23,
	author = {Omer Lev and Nicholas Mattei and Paolo Turrini and Stanislav Zhydkov},
	date-added = {2023-08-04 16:57:01 +0300},
	date-modified = {2023-08-04 16:57:01 +0300},
	journal = {Artificial Intelligence (AIJ)},
	month = {March},
	pages = {103843},
	title = {PeerNomination: A novel peer selection algorithm to handle strategic and noisy assessments},
	volume = {316},
	year = {2023}}

@inproceedings{Wal14,
	address = {Prague, Czech Republic},
	author = {Toby Walsh},
	booktitle = {Proceedings of the 21st European Conference on Artificial Intelligence (ECAI)},
	date-added = {2023-08-04 16:56:28 +0300},
	date-modified = {2023-08-04 16:56:28 +0300},
	month = {August},
	pages = {909-914},
	title = {The {PeerRank} Method for Peer Assessment},
	year = {2014}}

@article{FGGHP21,
	author = {Bailey Flanigan and Paul G{\"o}lz and Anupam Gupta and Brett Hennig and Ariel D. Procaccia},
	date-added = {2023-08-04 02:59:05 +0300},
	date-modified = {2023-08-04 02:59:05 +0300},
	journal = {Nature},
	pages = {548-552},
	title = {Fair algorithms for selecting citizens' assemblies},
	volume = {596},
	year = {2021}}

@article{cesa1997use,
	author = {Cesa-Bianchi, Nicolo and Freund, Yoav and Haussler, David and Helmbold, David P and Schapire, Robert E and Warmuth, Manfred K},
	journal = {Journal of the ACM (JACM)},
	number = {3},
	pages = {427--485},
	publisher = {ACM New York, NY, USA},
	title = {How to use expert advice},
	volume = {44},
	year = {1997}}

@article{vovk1990aggregating,
	author = {Vovk, Volodimir G},
	journal = {Proc. of Computational Learning Theory, 1990},
	title = {Aggregating strategies},
	year = {1990}}

@inproceedings{quoc2013evaluation,
	author = {Quoc Viet Hung, Nguyen and Tam, Nguyen Thanh and Tran, Lam Ngoc and Aberer, Karl},
	booktitle = {International Conference on Web Information Systems Engineering},
	organization = {Springer},
	pages = {1--15},
	title = {An evaluation of aggregation techniques in crowdsourcing},
	year = {2013}}

@inproceedings{abramowitz2019flexible,
	author = {Abramowitz, Ben and Mattei, Nicholas},
	booktitle = {Proceedings of the 28th International Joint Conference on Artificial Intelligence},
	pages = {3--10},
	title = {Flexible representative democracy: an introduction with binary issues},
	year = {2019}}

@article{kahng2021liquid,
	author = {Kahng, Anson and Mackenzie, Simon and Procaccia, Ariel},
	journal = {Journal of Artificial Intelligence Research},
	pages = {1223--1252},
	title = {Liquid democracy: An algorithmic perspective},
	volume = {70},
	year = {2021}}

@article{baharad2012beyond,
	author = {Baharad, Eyal and Goldberger, Jacob and Koppel, Moshe and Nitzan, Shmuel},
	journal = {Theory and decision},
	number = {1},
	pages = {113--130},
	publisher = {Springer},
	title = {Beyond Condorcet: Optimal aggregation rules using voting records},
	volume = {72},
	year = {2012}}

@article{kubelka2001means,
	author = {Kubelka, Richard P},
	journal = {Mathematics Magazine},
	number = {2},
	pages = {141},
	publisher = {Taylor \& Francis Ltd.},
	title = {Means to an end},
	volume = {74},
	year = {2001}}

@article{diaz2013existence,
	author = {D{\'\i}az-Franc{\'e}s, Elo{\'\i}sa and Rubio, Francisco J},
	journal = {Statistical Papers},
	number = {2},
	pages = {309--323},
	publisher = {Springer},
	title = {On the existence of a normal approximation to the distribution of the ratio of two independent normal random variables},
	volume = {54},
	year = {2013}}

@article{geary1930frequency,
	author = {Geary, Robert Charles},
	journal = {Journal of the Royal Statistical Society},
	number = {3},
	pages = {442--446},
	publisher = {JSTOR},
	title = {The frequency distribution of the quotient of two normal variates},
	volume = {93},
	year = {1930}}

@article{hayya1975note,
	author = {Hayya, Jack and Armstrong, Donald and Gressis, Nicolas},
	journal = {Management Science},
	number = {11},
	pages = {1338--1341},
	publisher = {INFORMS},
	title = {A note on the ratio of two normally distributed variables},
	volume = {21},
	year = {1975}}

@article{hinkely1969ratio,
	author = {Hinkely, DV},
	journal = {Biometrika},
	number = {3},
	pages = {635--639},
	title = {On the ratio of two correlated normal variables},
	volume = {56},
	year = {1969}}

@inproceedings{zhang2009integrating,
	author = {Zhang, Chongjie and Abdallah, Sherief and Lesser, Victor},
	booktitle = {Proceedings of The 8th International Conference on Autonomous Agents and Multiagent Systems-Volume 2},
	pages = {757--764},
	title = {Integrating organizational control into multi-agent learning},
	year = {2009}}

@inproceedings{zhang2010self,
	author = {Zhang, Chongjie and Lesser, Victor R and Abdallah, Sherief},
	booktitle = {AAMAS},
	pages = {739--746},
	title = {Self-organization for coordinating decentralized reinforcement learning.},
	volume = {10},
	year = {2010}}

@inproceedings{brill2018interactive,
	author = {Brill, Markus},
	booktitle = {Proceedings of the 17th International Conference on Autonomous Agents and MultiAgent Systems},
	pages = {1183--1187},
	title = {Interactive democracy},
	year = {2018}}

@article{zhang2021tracking,
	author = {Zhang, Yuzhe and Grossi, Davide},
	journal = {arXiv preprint arXiv:2103.09081},
	title = {Tracking truth by weighting proxies in liquid democracy},
	year = {2021}}

@article{becker2021can,
	author = {Becker, Ruben and D'Angelo, Gianlorenzo and Delfaraz, Esmaeil and Gilbert, Hugo},
	journal = {arXiv preprint arXiv:2104.01828},
	title = {When Can Liquid Democracy Unveil the Truth?},
	year = {2021}}

@inproceedings{becker2021unveiling,
	author = {Becker, Ruben and D'angelo, Gianlorenzo and Delfaraz, Esmaeil and Gilbert, Hugo},
	booktitle = {International Conference on Algorithmic Decision Theory},
	organization = {Springer},
	pages = {132--146},
	title = {Unveiling the Truth in Liquid Democracy with Misinformed Voters},
	year = {2021}}

@article{pivato2020weighted,
	author = {Pivato, Marcus and Soh, Arnold},
	journal = {Journal of Mathematical Economics},
	pages = {52--63},
	publisher = {Elsevier},
	title = {Weighted representative democracy},
	volume = {88},
	year = {2020}}

@article{grofman1983thirteen,
	author = {Grofman, Bernard and Owen, Guillermo and Feld, Scott L},
	journal = {Theory and decision},
	number = {3},
	pages = {261--278},
	publisher = {Springer},
	title = {Thirteen theorems in search of the truth},
	volume = {15},
	year = {1983}}

@article{nitzan1994general,
	author = {Nitzan, Shmuel and Paroush, Jacob},
	journal = {Theory and Decision},
	number = {3},
	pages = {211--220},
	publisher = {Springer},
	title = {A general theorem and eight corollaries in search of correct decision},
	volume = {17},
	year = {1994}}

@inproceedings{zhang2022tracking,
	author = {Zhang, Yuzhe and Grossi, Davide},
	booktitle = {Proceedings of the 21st International Conference on Autonomous Agents and Multiagent Systems},
	pages = {1482--1490},
	title = {Tracking Truth by Weighting Proxies in Liquid Democracy},
	year = {2022}}

@article{condorcet1785essay,
	author = {Condorcet, Marquis de},
	journal = {Paris: Imprimerie Royale},
	pages = {1785},
	title = {Essay on the Application of Analysis to the Probability of Majority Decisions},
	year = {1785}}

@article{berend1998condorcet,
	author = {Berend, Daniel and Paroush, Jacob},
	journal = {Social Choice and Welfare},
	number = {4},
	pages = {481--488},
	publisher = {Springer},
	title = {When is Condorcet's jury theorem valid?},
	volume = {15},
	year = {1998}}

@article{owen1989proving,
	author = {Owen, Guillermo and Grofman, Bernard and Feld, Scott L},
	journal = {Mathematical Social Sciences},
	number = {1},
	pages = {1--16},
	publisher = {Elsevier},
	title = {Proving a distribution-free generalization of the Condorcet jury theorem},
	volume = {17},
	year = {1989}}

@article{baharad2011distilling,
	author = {Baharad, Eyal and Goldberger, Jacob and Koppel, Moshe and Nitzan, Shmuel},
	journal = {Autonomous Agents and Multi-Agent Systems},
	number = {1},
	pages = {31--42},
	publisher = {Springer},
	title = {Distilling the wisdom of crowds: Weighted aggregation of decisions on multiple issues},
	volume = {22},
	year = {2011}}

@article{grofman1978judgmental,
	author = {Grofman, Bernard},
	journal = {Journal of Mathematical Sociology},
	number = {1},
	pages = {47--60},
	publisher = {Taylor \& Francis},
	title = {Judgmental competence of individuals and groups in a dichotomous choice situation: Is a majority of heads better than one?},
	volume = {6},
	year = {1978}}

@article{grofman1984group,
	author = {Grofman, Bernard and Feld, Scott L and Owen, Guillermo},
	journal = {Organizational Behavior and Human Performance},
	number = {3},
	pages = {350--359},
	publisher = {Elsevier},
	title = {Group size and the performance of a composite group majority: Statistical truths and empirical results},
	volume = {33},
	year = {1984}}

@article{feld1984accuracy,
	author = {Feld, Scott L and Grofman, Bernard},
	journal = {Public Choice},
	number = {3},
	pages = {273--285},
	publisher = {Springer},
	title = {The accuracy of group majority decisions in groups with added members},
	volume = {42},
	year = {1984}}

@article{magdon2018mathematical,
	author = {Magdon-Ismail, Malik and Xia, Lirong},
	journal = {Advances in Neural Information Processing Systems},
	title = {A mathematical model for optimal decisions in a representative democracy},
	volume = {31},
	year = {2018}}

@article{littlestone1994weighted,
	author = {Littlestone, Nick and Warmuth, Manfred K},
	journal = {Information and computation},
	number = {2},
	pages = {212--261},
	publisher = {Elsevier},
	title = {The weighted majority algorithm},
	volume = {108},
	year = {1994}}

@article{revel2021optimal,
	author = {Revel, Manon and Lin, Tao and Halpern, Daniel},
	journal = {arXiv preprint arXiv:2107.01042},
	title = {The Optimal Size of an Epistemic Congress},
	year = {2021}}

@inproceedings{paulin2020overview,
	author = {Paulin, Alois},
	booktitle = {The 21st Annual International Conference on Digital Government Research},
	pages = {116--121},
	title = {An overview of ten years of liquid democracy research},
	year = {2020}}

@article{freund1997decision,
	author = {Freund, Yoav and Schapire, Robert E},
	journal = {Journal of computer and system sciences},
	number = {1},
	pages = {119--139},
	publisher = {Elsevier},
	title = {A decision-theoretic generalization of on-line learning and an application to boosting},
	volume = {55},
	year = {1997}}

@article{romeijn2011learning,
	author = {Romeijn, Jan-Willem and Atkinson, David},
	journal = {Politics, Philosophy \& Economics},
	number = {3},
	pages = {237--262},
	publisher = {Sage Publications Sage UK: London, England},
	title = {Learning juror competence: A generalized Condorcet jury theorem},
	volume = {10},
	year = {2011}}

@inproceedings{grofman1983determining,
	author = {Grofman, Bernard and Feld, Scott L},
	booktitle = {Information Pooling and Group Decision Making: Proceedings of the Second University of California, Irvine, Conference on Political Economy},
	organization = {JAI Press Greenwich, CT},
	pages = {167--72},
	title = {Determining optimal weights for expert judgment},
	year = {1983}}

@techreport{page1999pagerank,
	author = {Page, Lawrence and Brin, Sergey and Motwani, Rajeev and Winograd, Terry},
	institution = {Stanford InfoLab},
	title = {The PageRank citation ranking: Bringing order to the web.},
	year = {1999}}

@incollection{blum1998line,
	author = {Blum, Avrim},
	booktitle = {Online algorithms},
	pages = {306--325},
	publisher = {Springer},
	title = {On-line algorithms in machine learning},
	year = {1998}}

@article{may1952set,
	author = {May, Kenneth O},
	journal = {Econometrica: Journal of the Econometric Society},
	pages = {680--684},
	publisher = {JSTOR},
	title = {A set of independent necessary and sufficient conditions for simple majority decision},
	year = {1952}}

@article{pau1988sensor,
	author = {Pau, Louis-Fran{\c{c}}ois},
	journal = {Journal of Intelligent and Robotic Systems},
	number = {2},
	pages = {103--116},
	publisher = {Springer},
	title = {Sensor data fusion},
	volume = {1},
	year = {1988}}

@inproceedings{dietterich2000ensemble,
	author = {Dietterich, Thomas G},
	booktitle = {International workshop on multiple classifier systems},
	organization = {Springer},
	pages = {1--15},
	title = {Ensemble methods in machine learning},
	year = {2000}}

@inproceedings{thornton2013auto,
	author = {Thornton, Chris and Hutter, Frank and Hoos, Holger H and Leyton-Brown, Kevin},
	booktitle = {Proceedings of the 19th ACM SIGKDD international conference on Knowledge discovery and data mining},
	pages = {847--855},
	title = {Auto-WEKA: Combined selection and hyperparameter optimization of classification algorithms},
	year = {2013}}

@article{lev2021peer,
	author = {Lev, Omer and Mattei, Nicholas and Turrini, Paolo and Zhydkov, Stanislav},
	journal = {arXiv preprint arXiv:2107.10121},
	title = {Peer Selection with Noisy Assessments},
	year = {2021}}

@book{surowiecki2005wisdom,
	author = {Surowiecki, James},
	publisher = {Anchor},
	title = {The wisdom of crowds},
	year = {2005}}

@inproceedings{freeman2020no,
	author = {Freeman, Rupert and Pennock, David and Podimata, Chara and Vaughan, Jennifer Wortman},
	booktitle = {International Conference on Machine Learning},
	organization = {PMLR},
	pages = {3270--3279},
	title = {No-regret and incentive-compatible online learning},
	year = {2020}}

@book{brabham2015crowdsourcing,
	author = {Brabham, Daren C},
	publisher = {Georgetown University Press},
	title = {Crowdsourcing in the public sector},
	year = {2015}}

@book{brabham2013using,
	author = {Brabham, Daren C},
	publisher = {IBM Center for the Business of Government Washington, DC},
	title = {Using crowdsourcing in government},
	year = {2013}}

@inproceedings{ahn2003captcha,
	author = {Ahn, Luis von and Blum, Manuel and Hopper, Nicholas J and Langford, John},
	booktitle = {International conference on the theory and applications of cryptographic techniques},
	organization = {Springer},
	pages = {294--311},
	title = {CAPTCHA: Using hard AI problems for security},
	year = {2003}}

@article{shapley1984optimizing,
	author = {Shapley, Lloyd and Grofman, Bernard},
	journal = {Public Choice},
	number = {3},
	pages = {329--343},
	publisher = {Springer},
	title = {Optimizing group judgmental accuracy in the presence of interdependencies},
	volume = {43},
	year = {1984}}

@article{nitzan1982optimal,
	author = {Nitzan, Shmuel and Paroush, Jacob},
	journal = {International Economic Review},
	pages = {289--297},
	publisher = {JSTOR},
	title = {Optimal decision rules in uncertain dichotomous choice situations},
	year = {1982}}

@article{baharad2022one,
	author = {Baharad, Roy and Nitzan, Shmuel and Segal-Halevi, Erel},
	journal = {Social Choice and Welfare},
	pages = {1--27},
	publisher = {Springer},
	title = {One person, one weight: when is weighted voting democratic?},
	year = {2022}}

@article{arrow1950difficulty,
	author = {Arrow, Kenneth J},
	journal = {Journal of political economy},
	number = {4},
	pages = {328--346},
	publisher = {The University of Chicago Press},
	title = {A difficulty in the concept of social welfare},
	volume = {58},
	year = {1950}}

@article{ben2000nonasymptotic,
	author = {Ben-Yashar, Ruth and Paroush, Jacob},
	journal = {Social Choice and Welfare},
	number = {2},
	pages = {189--199},
	publisher = {Springer},
	title = {A nonasymptotic Condorcet jury theorem},
	volume = {17},
	year = {2000}}
