@article{banfield2007comparison,
  title={A comparison of decision tree ensemble creation techniques},
  author={Banfield, Robert E and Hall, Lawrence O and Bowyer, Kevin W and Kegelmeyer, W Philip},
  journal={IEEE transactions on pattern analysis and machine intelligence},
  volume={29},
  number={1},
  pages={173--180},
  year={2007},
  publisher={IEEE}
}

@inproceedings{zadrozny2003cost,
  title={Cost-sensitive learning by cost-proportionate example weighting},
  author={Zadrozny, Bianca and Langford, John and Abe, Naoki},
  booktitle={Data Mining, 2003. ICDM 2003. Third IEEE International Conference on},
  pages={435--442},
  year={2003},
  organization={IEEE}
}

@inproceedings{he2012cost,
  title={Cost-sensitive dynamic feature selection},
  author={He, He and Daum{\'e} III, Hal and Eisner, Jason},
  booktitle={ICML Inferring Workshop},
  year={2012}
}

@article{LomaxV13,
  author    = {Susan Lomax and
               Sunil Vadera},
  title     = {A survey of cost-sensitive decision tree induction algorithms},
  journal   = {{ACM} Comput. Surv.},
  volume    = {45},
  number    = {2},
  pages     = {16:1--16:35},
  year      = {2013},
  url       = {http://doi.acm.org/10.1145/2431211.2431215},
  doi       = {10.1145/2431211.2431215},
  timestamp = {Mon, 09 Jan 2017 15:02:22 +0100},
  biburl    = {http://dblp.uni-trier.de/rec/bib/journals/csur/LomaxV13},
  bibsource = {dblp computer science bibliography, http://dblp.org}
}

@article{LomaxV11,
  author    = {Susan Lomax and
               Sunil Vadera},
  title     = {An empirical comparison of cost-sensitive decision tree induction
               algorithms},
  journal   = {Expert Systems},
  volume    = {28},
  number    = {3},
  pages     = {227--268},
  year      = {2011},
  url       = {https://doi.org/10.1111/j.1468-0394.2010.00573.x},
  doi       = {10.1111/j.1468-0394.2010.00573.x},
  timestamp = {Sun, 28 May 2017 13:18:00 +0200},
  biburl    = {http://dblp.uni-trier.de/rec/bib/journals/es/LomaxV11},
  bibsource = {dblp computer science bibliography, http://dblp.org}
}

@inproceedings{LomaxVS12,
  author    = {Susan Lomax and
               Sunil Vadera and
               Mohammed Saraee},
  title     = {A Multi-armed Bandit Approach to Cost-Sensitive Decision Tree Learning},
  booktitle = {12th {IEEE} International Conference on Data Mining Workshops, {ICDM}
               Workshops, Brussels, Belgium, December 10, 2012},
  pages     = {162--168},
  year      = {2012},
  crossref  = {DBLP:conf/icdm/2012w},
  url       = {https://doi.org/10.1109/ICDMW.2012.33},
  doi       = {10.1109/ICDMW.2012.33},
  timestamp = {Fri, 26 May 2017 00:49:28 +0200},
  biburl    = {http://dblp.uni-trier.de/rec/bib/conf/icdm/LomaxVS12},
  bibsource = {dblp computer science bibliography, http://dblp.org}
}
@article{turney1995cost,
  title={Cost-sensitive classification: Empirical evaluation of a hybrid genetic decision tree induction algorithm},
  author={Turney, Peter D},
  journal={Journal of artificial intelligence research},
  volume={2},
  pages={369--409},
  year={1995}
}
@inproceedings{elkan2001foundations,
  title={The foundations of cost-sensitive learning},
  author={Elkan, Charles},
  booktitle={International joint conference on artificial intelligence},
  volume={17},
  number={1},
  pages={973--978},
  year={2001},
  organization={Lawrence Erlbaum Associates Ltd}
}
@article{Weka,
  title={The WEKA data mining software: an update},
  author={Hall, Mark and Frank, Eibe and Holmes, Geoffrey and Pfahringer, Bernhard and Reutemann, Peter and Witten, Ian H},
  journal={ACM SIGKDD explorations newsletter},
  volume={11},
  number={1},
  pages={10--18},
  year={2009},
  publisher={ACM}
}
@book{quinlan2014c4,
  title={C4.5: programs for machine learning},
  author={Quinlan, J Ross},
  year={2014},
  publisher={Elsevier}
}
@article{watkins1992q,
  title={Q-learning},
  author={Watkins, Christopher JCH and Dayan, Peter},
  journal={Machine learning},
  volume={8},
  number={3-4},
  pages={279--292},
  year={1992},
  publisher={Springer}
}
@article{CS-IDS3,
  title={Cost-sensitive learning of classification knowledge and its applications in robotics},
  author={Tan, Ming},
  journal={Machine Learning},
  volume={13},
  number={1},
  pages={7--33},
  year={1993},
  publisher={Springer}
}
@article{EG2,
  title={The use of background knowledge in decision tree induction},
  author={N{\'u}{\~n}ez, Marlon},
  journal={Machine learning},
  volume={6},
  number={3},
  pages={231--250},
  year={1991},
  publisher={Springer}
}
@book{sutton1998reinforcement,
  title={Reinforcement learning: An introduction},
  author={Sutton, Richard S and Barto, Andrew G},
  volume={1},
  number={1},
  year={1998},
  publisher={MIT press Cambridge}
}
@book{Bellman,
  title={Dynamic programming},
  author={Bellman, Richard},
  year={1957},
  publisher={Courier Corporation}
}
@inproceedings{domingos1999metacost,
  title={Metacost: A general method for making classifiers cost-sensitive},
  author={Domingos, Pedro},
  booktitle={Proceedings of the fifth ACM SIGKDD international conference on Knowledge discovery and data mining},
  pages={155--164},
  year={1999},
  organization={ACM}
}
@book{Puterman,
  title={Markov decision processes: discrete stochastic dynamic programming},
  author={Puterman, Martin L},
  year={2014},
  publisher={John Wiley \& Sons}
}
@inproceedings{IDX,
  title={Generating Better Decision Trees.},
  author={Norton, Steven W},
  booktitle={IJCAI},
  volume={89},
  pages={800--805},
  year={1989}
}