@inproceedings{talmon2019framework,
  title={A framework for approval-based budgeting methods},
  author={Talmon, Nimrod and Faliszewski, Piotr},
  booktitle={Proceedings of the AAAI Conference on Artificial Intelligence},
  volume={33},
  pages={2181--2188},
  year={2019}
}

@inproceedings{peters2020proportionality,
  title={Proportionality and the limits of welfarism},
  author={Peters, Dominik and Skowron, Piotr},
  booktitle={Proceedings of the 21st ACM Conference on Economics and Computation},
  pages={793--794},
  year={2020}
}

@article{peters2020proportional,
  title={Proportional Participatory Budgeting with Cardinal Utilities},
  author={Peters, Dominik and Pierczy{\'n}ski, Grzegorz and Skowron, Piotr},
  journal={arXiv preprint arXiv:2008.13276},
  year={2020}
}

@article{sanchez2017monotonicity,
  title={Monotonicity axioms in approval-based multi-winner voting rules},
  author={S{\'a}nchez-Fern{\'a}ndez, Luis and Fisteus, Jes{\'u}s A},
  journal={arXiv preprint arXiv:1710.04246},
  year={2017}
}

@article{aziz2017proportionally,
  title={Proportionally representative participatory budgeting: Axioms and algorithms},
  author={Aziz, Haris and Lee, Barton and Talmon, Nimrod},
  journal={arXiv preprint arXiv:1711.08226},
  year={2017}
}

@article{goel2019knapsack,
  title={Knapsack voting for participatory budgeting},
  author={Goel, Ashish and Krishnaswamy, Anilesh K and Sakshuwong, Sukolsak and Aitamurto, Tanja},
  journal={ACM Transactions on Economics and Computation (TEAC)},
  volume={7},
  number={2},
  pages={1--27},
  year={2019},
  publisher={ACM New York, NY, USA}
}

@article{aziz2020expanding,
  title={The expanding approvals rule: improving proportional representation and monotonicity},
  author={Aziz, Haris and Lee, Barton E},
  journal={Social Choice and Welfare},
  volume={54},
  number={1},
  pages={1--45},
  year={2020},
  publisher={Springer}
}

@article{skowron2020participatory,
  title={Participatory Budgeting with Cumulative Votes},
  author={Skowron, Piotr and Slinko, Arkadii and Szufa, Stanis{\l}aw and Talmon, Nimrod},
  journal={arXiv preprint arXiv:2009.02690},
  year={2020}
}

@article{sanchez2016proportional,
  title={Proportional justified representation},
  author={S{\'a}nchez-Fern{\'a}ndez, Luis and Elkind, Edith and Lackner, Martin and Fern{\'a}ndez, Norberto and Fisteus, Jes{\'u}s A and Val, Pablo Basanta and Skowron, Piotr},
  journal={arXiv preprint arXiv:1611.09928},
  year={2016}
}

@article{aziz2017justified,
  title={Justified representation in approval-based committee voting},
  author={Aziz, Haris and Brill, Markus and Conitzer, Vincent and Elkind, Edith and Freeman, Rupert and Walsh, Toby},
  journal={Social Choice and Welfare},
  volume={48},
  number={2},
  pages={461--485},
  year={2017},
  publisher={Springer}
}

@article{thiele1895om,
  title={Om flerfoldsvalg},
  author={Thiele, Thorvald N},
  journal={Oversigt over det Kongelige Danske Videnskabernes Selskabs Forhandlinger},
  volume={1895},
  pages={415--441},
  year={1895}
}

@article{aziz2020participatory,
  title={Participatory Budgeting: Models and Approaches},
  author={Aziz, Haris and Shah, Nisarg},
  journal={arXiv preprint arXiv:2003.00606},
  year={2020}
}

@inproceedings{fain2016core,
  title={The core of the participatory budgeting problem},
  author={Fain, Brandon and Goel, Ashish and Munagala, Kamesh},
  booktitle={International Conference on Web and Internet Economics},
  pages={384--399},
  year={2016},
  organization={Springer}
}

@inproceedings{fain2018fair,
  title={Fair allocation of indivisible public goods},
  author={Fain, Brandon and Munagala, Kamesh and Shah, Nisarg},
  booktitle={Proceedings of the 2018 ACM Conference on Economics and Computation},
  pages={575--592},
  year={2018}
}

@article{cabannes2004participatory,
  title={Participatory budgeting: a significant contribution to participatory democracy},
  author={Cabannes, Yves},
  journal={Environment and urbanization},
  volume={16},
  number={1},
  pages={27--46},
  year={2004},
  publisher={Sage Publications Sage CA: Thousand Oaks, CA}
}

@article{pape2016budgeting,
  title={Budgeting for equity: How can participatory budgeting advance equity in the United States?},
  author={Pape, Madeleine and Lerner, Josh},
  journal={Journal of Public Deliberation},
  volume={12},
  number={2},
  year={2016},
  publisher={Institute for Civic Discourse and Democracy}
}

@article{su2017porto,
  title={From Porto Alegre to New York City: Participatory Budgeting and Democracy},
  author={Su, Celina},
  journal={New Political Science},
  volume={39},
  number={1},
  pages={67--75},
  year={2017},
  publisher={Taylor \& Francis}
}

@article{sintomer2008porto,
  title={From Porto Alegre to Europe: potentials and limitations of participatory budgeting},
  author={Sintomer, Yves and Herzberg, Carsten and R{\"o}cke, Anja},
  journal={International Journal of Urban and Regional Research},
  volume={32},
  number={1},
  pages={164--178},
  year={2008}
}

@inproceedings{jain2020participatory,
  title={Participatory budgeting with project interactions},
  author={Jain, Pallavi and Sornat, Krzysztof and Talmon, Nimrod},
  booktitle={Proceedings of the 29th International Joint Conference on Artificial Intelligence (IJCAI)},
  pages={386--392},
  year={2020}
}

@inproceedings{michorzewski2020price,
  title={Price of fairness in budget division and probabilistic social choice},
  author={Michorzewski, Marcin and Peters, Dominik and Skowron, Piotr},
  booktitle={Proceedings of the AAAI Conference on Artificial Intelligence},
  volume={34},
  number={02},
  pages={2184--2191},
  year={2020}
}

@article{skowron2018proportionality,
  title={Proportionality degree of multiwinner rules},
  author={Skowron, Piotr},
  journal={arXiv preprint arXiv:1810.08799},
  year={2018}
}

@article{lackner2020utilitarian,
  title={Utilitarian welfare and representation guarantees of approval-based multiwinner rules},
  author={Lackner, Martin and Skowron, Piotr},
  journal={Artificial Intelligence},
  volume={288},
  pages={103366},
  year={2020},
  publisher={Elsevier}
}

@article{goel2016knapsack,
  title={Knapsack voting: Voting mechanisms for participatory budgeting},
  author={Goel, Ashish and Krishnaswamy, Anilesh K and Sakshuwong, Sukolsak and Aitamurto, Tanja},
  journal={Unpublished manuscript},
  year={2016}
}

@inproceedings{fluschnik2019fair,
  title={Fair knapsack},
  author={Fluschnik, Till and Skowron, Piotr and Triphaus, Mervin and Wilker, Kai},
  booktitle={Proceedings of the AAAI Conference on Artificial Intelligence},
  volume={33},
  number={01},
  pages={1941--1948},
  year={2019}
}

@article{benade2020preference,
  title={Preference elicitation for participatory budgeting},
  author={Benade, Gerdus and Nath, Swaprava and Procaccia, Ariel D and Shah, Nisarg},
  journal={Management Science},
  year={2020},
  publisher={INFORMS}
}