@inproceedings{Lage2018toward,
	title={Toward Robust Policy Summarization},
	author={Lage, Isaac and Lifschitz, Daphna and Doshi-Velez, Finale and Amir, Ofra},
	booktitle={Proc. of the 18th International conference on Autonomous Agents and Multi-Agent Systems (AAMAS)},
	year={2019}
}

@inproceedings{piot2013,
  title={Learning from demonstrations: Is it worth estimating a reward function?},
  author={Piot, Bilal and Geist, Matthieu and Pietquin, Olivier},
  booktitle={Joint European Conference on Machine Learning and Knowledge Discovery in Databases},
  pages={17--32},
  year={2013},
  organization={Springer}
}

@article{doshi2017,
	title = {Towards A Rigorous Science of Interpretable Machine Learning},
	author  = {Finale Doshi-Velez and Been Kim},
	year  = {2017},
	URL = {https://arxiv.org/abs/1702.08608},
	journal = {arXiv}
}

@inproceedings{epshteyn2008,
	author = {Epshteyn, Arkady and Vogel, Adam and DeJong, Gerald},
	title = {Active Reinforcement Learning},
	booktitle = {Proceedings of the 25th International Conference on Machine Learning},
	series = {ICML '08},
	year = {2008},
	isbn = {978-1-60558-205-4},
	location = {Helsinki, Finland},
	pages = {296--303},
	numpages = {8},
	url = {http://doi.acm.org/10.1145/1390156.1390194},
	doi = {10.1145/1390156.1390194},
	acmid = {1390194},
	publisher = {ACM},
	address = {New York, NY, USA},
} 

@InProceedings{lopes2009,
	author="Lopes, Manuel
	and Melo, Francisco
	and Montesano, Luis",
	editor="Buntine, Wray
	and Grobelnik, Marko
	and Mladeni{\'{c}}, Dunja
	and Shawe-Taylor, John",
	title="Active Learning for Reward Estimation in Inverse Reinforcement Learning",
	booktitle="Machine Learning and Knowledge Discovery in Databases",
	year="2009",
	publisher="Springer Berlin Heidelberg",
	address="Berlin, Heidelberg",
	pages="31--46",
}

@article{zhu2003,
	author="Zhu, Xiaojin and Lafferty, John and Ghahramani, Zoubin",
	title="Combining active learning and semi-supervised learning using Gaussian fields and harmonic functions",
	journal="ICML 2003 Workshop on The Continuum from Labeled to Unlabeled Data in Machine Learning and Data Mining",
	year="2003",
	pages="58-65",
}

@article{dayan1993, 
	author={P. Dayan}, 
	journal={Neural Computation}, 
	title={Improving Generalization for Temporal Difference Learning: The Successor Representation}, 
	year={1993}, 
	volume={5}, 
	number={4}, 
	pages={613-624}, 
	keywords={}, 
	doi={10.1162/neco.1993.5.4.613}, 
	ISSN={0899-7667}, 
	month={July},
}

@inproceedings{ribeiro2016should,
	title={Why should i trust you?: Explaining the predictions of any classifier},
	author={Ribeiro, Marco Tulio and Singh, Sameer and Guestrin, Carlos},
	booktitle={Proceedings of the 22nd ACM SIGKDD international conference on knowledge discovery and data mining},
	pages={1135--1144},
	year={2016},
	organization={ACM}
}

@inproceedings{dodson2011natural,
	title={A natural language argumentation interface for explanation generation in Markov decision processes},
	author={Dodson, Thomas and Mattei, Nicholas and Goldsmith, Judy},
	booktitle={International Conference on Algorithmic DecisionTheory},
	pages={42--55},
	year={2011},
	organization={Springer}
}

@inproceedings{amir2018highlights,
	title={HIGHLIGHTS: Summarizing Agent Behavior to People},
	author={Amir, Dan and Amir, Ofra},
	booktitle={Proc. of the 17th International conference on Autonomous Agents and Multi-Agent Systems (AAMAS)},
	year={2018}
}

@inproceedings{amir2018agent,
  title={Agent Strategy Summarization},
  author={Amir, Ofra and Doshi-Velez, Finale and Sarne, David},
  booktitle={Proceedings of the 17th International Conference on Autonomous Agents and MultiAgent Systems},
  pages={1203--1207},
  year={2018},
  organization={International Foundation for Autonomous Agents and Multiagent Systems}
}

@article{ramakrishnan2018blindspot,
  author    = {Ramya Ramakrishnan and
               Ece Kamar and
               Debadeepta Dey and
               Julie A. Shah and
               Eric Horvitz},
  title     = {Discovering Blind Spots in Reinforcement Learning},
  journal   = {CoRR},
  volume    = {abs/1805.08966},
  year      = {2018},
  url       = {http://arxiv.org/abs/1805.08966},
  archivePrefix = {arXiv},
  eprint    = {1805.08966},
  timestamp = {Tue, 05 Jun 2018 18:50:11 +0200},
  biburl    = {https://dblp.org/rec/bib/journals/corr/abs-1805-08966},
  bibsource = {dblp computer science bibliography, https://dblp.org}
}

@TECHREPORT{settles2010active,
    author = {Burr Settles},
    title = {Active learning literature survey},
    institution = {},
    year = {2010}
}

@inproceedings{cakmak2012teachingsequential,
 author = {Cakmak, Maya and Lopes, Manuel},
 title = {Algorithmic and Human Teaching of Sequential Decision Tasks},
 booktitle = {Proceedings of the Twenty-Sixth AAAI Conference on Artificial Intelligence},
 series = {AAAI'12},
 year = {2012},
 location = {Toronto, Ontario, Canada},
 pages = {1536--1542},
 numpages = {7},
 url = {http://dl.acm.org/citation.cfm?id=2900929.2900946},
 acmid = {2900946},
 publisher = {AAAI Press},
} 

@incollection{kim2014bcm,
 title = {The Bayesian Case Model: A Generative Approach for Case-Based Reasoning and Prototype Classification},
 author = {Kim, Been and Rudin, Cynthia and Shah, Julie A},
 booktitle = {Advances in Neural Information Processing Systems 27},
 editor = {Z. Ghahramani and M. Welling and C. Cortes and N. D. Lawrence and K. Q. Weinberger},
 pages = {1952--1960},
 year = {2014},
 publisher = {Curran Associates, Inc.},
 url = {http://papers.nips.cc/paper/5313-the-bayesian-case-model-a-generative-approach-for-case-based-reasoning-and-prototype-classification.pdf}
}

@InProceedings{broekens2010explain,
 author="Broekens, Joost and Harbers, Maaike and Hindriks, Koen and van den Bosch, Karel and Jonker, Catholijn and Meyer, John-Jules",
 editor="Dix, J{\"u}rgen and Witteveen, Cees",
 title="Do You Get It? User-Evaluated Explainable BDI Agents",
 booktitle="Multiagent System Technologies",
 year="2010",
 publisher="Springer Berlin Heidelberg",
 address="Berlin, Heidelberg",
 pages="28--39",
}

@inproceedings{zhu2003semisupervised,
 author = {Zhu, Xiaojin and Ghahramani, Zoubin and Lafferty, John},
 title = {Semi-supervised Learning Using Gaussian Fields and Harmonic Functions},
 booktitle = {Proceedings of the Twentieth International Conference on International Conference on Machine Learning},
 series = {ICML'03},
 year = {2003},
 isbn = {1-57735-189-4},
 location = {Washington, DC, USA},
 pages = {912--919},
 numpages = {8},
 url = {http://dl.acm.org/citation.cfm?id=3041838.3041953},
 acmid = {3041953},
 publisher = {AAAI Press},
} 

@article{huang17communicate,
  author    = {Sandy H. Huang and
               David Held and
               Pieter Abbeel and
               Anca D. Dragan},
  title     = {Enabling Robots to Communicate their Objectives},
  journal   = {CoRR},
  volume    = {abs/1702.03465},
  year      = {2017},
  url       = {http://arxiv.org/abs/1702.03465},
  archivePrefix = {arXiv},
  eprint    = {1702.03465},
  timestamp = {Wed, 07 Jun 2017 14:40:28 +0200},
  biburl    = {https://dblp.org/rec/bib/journals/corr/HuangHAD17},
  bibsource = {dblp computer science bibliography, https://dblp.org}
}

@inproceedings{ng2000algorithms,
	title={Algorithms for inverse reinforcement learning.},
	author={Ng, Andrew Y and Russell, Stuart J and others},
	booktitle={Icml},
	pages={663--670},
	year={2000}
}

@inproceedings{ziebart2008maximum,
	title={Maximum Entropy Inverse Reinforcement Learning.},
	author={Ziebart, Brian D and Maas, Andrew L and Bagnell, J Andrew and Dey, Anind K},
	booktitle={AAAI},
	volume={8},
	pages={1433--1438},
	year={2008},
	organization={Chicago, IL, USA}
}



@incollection{yang2017bayesianteaching,
 title = {Explainable Artificial Intelligence via Bayesian Teaching},
 author = {Yang, Scott Cheng-Hsin and Shafto, Patrick},
 year={2017},
}

@article{brown2018machineteachingirl,
  author    = {Daniel S. Brown and
               Scott Niekum},
  title     = {Machine Teaching for Inverse Reinforcement Learning: Algorithms and
               Applications},
  journal   = {CoRR},
  volume    = {abs/1805.07687},
  year      = {2018},
  url       = {http://arxiv.org/abs/1805.07687},
  archivePrefix = {arXiv},
  eprint    = {1805.07687},
  timestamp = {Mon, 13 Aug 2018 16:46:40 +0200},
  biburl    = {https://dblp.org/rec/bib/journals/corr/abs-1805-07687},
  bibsource = {dblp computer science bibliography, https://dblp.org}
}

@inproceedings{zhu2015machine,
  title={Machine Teaching: An Inverse Problem to Machine Learning and an Approach Toward Optimal Education.},
  author={Zhu, Xiaojin},
  booktitle={AAAI},
  pages={4083--4087},
  year={2015}
}

@inproceedings{huang2018establishing,
  title={Establishing Appropriate Trust via Critical States},
  author={Huang, Sandy H and Bhatia, Kush and Abbeel, Pieter and Dragan, Anca D},
  booktitle={2018 IEEE/RSJ International Conference on Intelligent Robots and Systems (IROS)},
  pages={3929--3936},
  year={2018},
  organization={IEEE}
}

@inproceedings{abbeel2004apprenticeship,
  title={Apprenticeship learning via inverse reinforcement learning},
  author={Abbeel, Pieter and Ng, Andrew Y},
  booktitle={Proceedings of the twenty-first international conference on Machine learning},
  pages={1},
  year={2004},
  organization={ACM}
}

@inproceedings{ernst2006clinical,
  title={Clinical data based optimal STI strategies for HIV: a reinforcement learning approach},
  author={Ernst, Damien and Stan, Guy-Bart and Goncalves, Jorge and Wehenkel, Louis},
  booktitle={Decision and Control, 2006 45th IEEE Conference on},
  pages={667--672},
  year={2006},
  organization={IEEE}
}

@article{adams2005hiv,
  title={HIV dynamics: modeling, data analysis, and optimal treatment protocols},
  author={Adams, BM and Banks, HT and Davidian, M and Kwon, Hee-Dae and Tran, HT and Wynne, SN and Rosenberg, ES},
  journal={Journal of Computational and Applied Mathematics},
  volume={184},
  number={1},
  pages={10--49},
  year={2005},
  publisher={Elsevier}
}

@inproceedings{dragan2014familiarization,
  title={Familiarization to robot motion},
  author={Dragan, Anca and Srinivasa, Siddhartha},
  booktitle={Proceedings of the 2014 ACM/IEEE international conference on Human-robot interaction},
  pages={366--373},
  year={2014},
  organization={ACM}
}

@article{gershman2017reinforcement,
  title={Reinforcement learning and causal models},
  author={Gershman, Samuel J},
  journal={The Oxford handbook of causal reasoning},
  pages={295},
  year={2017},
  publisher={Oxford University Press}
}

@inproceedings{stachenfeld2014design,
  title={Design principles of the hippocampal cognitive map},
  author={Stachenfeld, Kimberly L and Botvinick, Matthew and Gershman, Samuel J},
  booktitle={Advances in neural information processing systems},
  pages={2528--2536},
  year={2014}
}

@article{baker2009action,
  title={Action understanding as inverse planning},
  author={Baker, Chris L and Saxe, Rebecca and Tenenbaum, Joshua B},
  journal={Cognition},
  volume={113},
  number={3},
  pages={329--349},
  year={2009},
  publisher={Elsevier}
}

@article{khan2011automatically,
  title={Automatically generated explanations for Markov decision processes},
  author={Khan, O and Poupart, Pascal and Black, J and Sucar, LE and Morales, EF and Hoey, J},
  journal={Decision Theory Models for Applications in AI: Concepts and Solutions},
  pages={144--163},
  year={2011}
}

@inproceedings{khan2009minimal,
  title={Minimal Sufficient Explanations for Factored Markov Decision Processes.},
  author={Khan, Omar Zia and Poupart, Pascal and Black, James P},
  booktitle={ICAPS},
  year={2009}
}

@inproceedings{lomas2012explaining,
  title={Explaining robot actions},
  author={Lomas, Meghann and Chevalier, Robert and Cross II, Ernest Vincent and Garrett, Robert Christopher and Hoare, John and Kopack, Michael},
  booktitle={Proceedings of the seventh annual ACM/IEEE international conference on Human-Robot Interaction},
  pages={187--188},
  year={2012},
  organization={ACM}
}

@article{liu2016teaching,
  title={The Teahing Dimension of Linear Learners},
  author={Liu, Ji and Zhu, Xiaojin},
  journal={Journal of Machine Learning Research},
  volume={17},
  number={162},
  pages={1--25},
  year={2016},
}

@article{miller2018explanation,
  title={Explanation in artificial intelligence: Insights from the social sciences},
  author={Miller, Tim},
  journal={Artificial Intelligence},
  year={2018},
  publisher={Elsevier}
}

@inproceedings{aha2017ijcai,
  title={Ijcai-17 workshop on explainable ai (xai)},
  author={Aha, D and Darrell, T and Pazzani, M and Reid, D and Sammut, C and Stone, P},
  booktitle={IJCAI-17 Workshop on Explainable AI (XAI)},
  year={2017}
}

@article{greydanus2017visualizing,
  title={Visualizing and understanding atari agents},
  author={Greydanus, Sam and Koul, Anurag and Dodge, Jonathan and Fern, Alan},
  journal={arXiv preprint arXiv:1711.00138},
  year={2017}
}

@inproceedings{baker2011bayesian,
  title={Bayesian theory of mind: Modeling joint belief-desire attribution},
  author={Baker, Chris and Saxe, Rebecca and Tenenbaum, Joshua},
  booktitle={Proceedings of the annual meeting of the cognitive science society},
  volume={33},
  number={33},
  year={2011}
}


@article{daw2005arbitration,
	Author = {Daw, Nathaniel D and Niv, Yael and Dayan, Peter},
	Date = {2005/11/06/online},
	Date-Added = {2019-02-23 17:44:00 +0000},
	Date-Modified = {2019-02-23 17:44:00 +0000},
	Day = {06},
	Journal = {Nature Neuroscience},
	L3 = {10.1038/nn1560; https://www.nature.com/articles/nn1560#supplementary-information},
	M3 = {Article},
	Month = {11},
	Pages = {1704 EP  -},
	Publisher = {Nature Publishing Group SN  -},
	Title = {Uncertainty-based competition between prefrontal and dorsolateral striatal systems for behavioral control},
	Ty = {JOUR},
	Url = {https://doi.org/10.1038/nn1560},
	Volume = {8},
	Year = {2005},
	Bdsk-Url-1 = {https://doi.org/10.1038/nn1560}}

@article{ vanderwaa2018contrastive ,
  author    = {Jasper van der Waa and
               Jurriaan van Diggelen and
               Karel van den Bosch and
               Mark A. Neerincx},
  title     = {Contrastive Explanations for Reinforcement Learning in terms of Expected
               Consequences},
  journal   = {CoRR},
  volume    = {abs/1807.08706},
  year      = {2018},
  url       = {http://arxiv.org/abs/1807.08706},
  archivePrefix = {arXiv},
  eprint    = {1807.08706},
  timestamp = {Mon, 13 Aug 2018 16:47:57 +0200},
  biburl    = {https://dblp.org/rec/bib/journals/corr/abs-1807-08706},
  bibsource = {dblp computer science bibliography, https://dblp.org}
}

@article{medin19778context,
  author = {Douglas L. Medin and Marguerite M. Shaffer},
  title = {Context theory of classification learning},
  journal = {Psychological Review},
  volumne = {85} ,
  number = {33} ,
  year = {1978} ,
  pages = {2017--238},
}

@article{albrecht2018modeling,
title = "Autonomous agents modelling other agents: A comprehensive survey and open problems",
journal = "Artificial Intelligence",
volume = "258",
pages = "66 - 95",
year = "2018",
issn = "0004-3702",
doi = "https://doi.org/10.1016/j.artint.2018.01.002",
url = "http://www.sciencedirect.com/science/article/pii/S0004370218300249",
author = "Stefano V. Albrecht and Peter Stone",
}

@article{lage2019policysummarization,
	title = {Exploring Computational User Models for Agent Policy Summarization},
	author  = {Isaac Lage and Daphna Lifschitz and Finale Doshi-Velez and Ofra Amir},
	year  = {2019},
	URL = {},
	journal = {Corr}
}