%% This BibTeX bibliography file was created using BibDesk.
%% http://bibdesk.sourceforge.net/


%% Created for thoma at 2012-04-02 17:03:49 +0100 

@article{KenjiIwanaU2020,
title = "Time series classification using local distance-based features in multi-modal fusion networks",
journal = "Pattern Recognition",
volume = "97",
pages = "107024",
year = "2020",
issn = "0031-3203",
doi = "https://doi.org/10.1016/j.patcog.2019.107024",
url = "http://www.sciencedirect.com/science/article/pii/S0031320319303279",
author = "Brian Kenji Iwana and Seiichi Uchida",
keywords = "Convolutional Neural Network, Time series classification, Dynamic time warping, Distance features"
}

@inproceedings{sigurdsson2016hollywood,
  author = {Gunnar A. Sigurdsson and G{\"u}l Varol and Xiaolong Wang and Ali Farhadi and Ivan Laptev and Abhinav Gupta},
  title={Hollywood in Homes: Crowdsourcing Data Collection for Activity Understanding},
  booktitle={European Conference on Computer Vision},
  year={2016},
  pdf = {http://arxiv.org/pdf/1604.01753.pdf},
  web = {https://allenai.org/plato/charades/}
}


@inproceedings{KarpathyCVPR14,
  title     = {Large-scale Video Classification with Convolutional Neural Networks},
  author    = {Andrej Karpathy and George Toderici and Sanketh Shetty and Thomas Leung and Rahul Sukthankar and Li Fei-Fei},
  year      = {2014},
  booktitle = {CVPR}
}


@article{monfortmoments,
  title={Moments in Time Dataset: one million videos for event understanding},
  author={Monfort, Mathew and Andonian, Alex and Zhou, Bolei and Ramakrishnan, Kandan and Bargal, Sarah Adel and Yan, Tom and Brown, Lisa and Fan, Quanfu and Gutfruend, Dan and Vondrick, Carl and others},
  journal={IEEE Transactions on Pattern Analysis and Machine Intelligence},
  year={2019},
  issn={0162-8828},
  pages={1--8},
  numpages={8},
  doi={10.1109/TPAMI.2019.2901464},
}


@inproceedings{zhou2018towards,
  title={Towards automatic learning of procedures from web instructional videos},
  author={Zhou, Luowei and Xu, Chenliang and Corso, Jason J},
  booktitle={Thirty-Second AAAI Conference on Artificial Intelligence},
  year={2018}
}



@article{zhao2019hacs,
            title={HACS: Human Action Clips and Segments Dataset for Recognition and Temporal Localization},
            author={Zhao, Hang and Yan, Zhicheng and Torresani, Lorenzo and Torralba, Antonio},
            journal={arXiv preprint arXiv:1712.09374},
            year={2019}
          }


@inproceedings{goyal2017something,
  title={The" Something Something" Video Database for Learning and Evaluating Visual Common Sense.},
  author={Goyal, Raghav and Kahou, Samira Ebrahimi and Michalski, Vincent and Materzynska, Joanna and Westphal, Susanne and Kim, Heuna and Haenel, Valentin and Fruend, Ingo and Yianilos, Peter and Mueller-Freitag, Moritz and others},
  booktitle={ICCV},
  volume={2},
  pages={8},
  year={2017}
}


@article{zisserman2017kinetics,
  title={The kinetics human action video dataset},
  author={Zisserman, Andrew and Carreira, Joao and Simonyan, Karen and Kay, Will and Zhang, Brian and Hillier, Chloe and Vijayanarasimhan, Sudheendra and Viola, Fabio and Green, Tim and Back, Trevor and others},
  journal={ArXiv},
  year={2017}
}



@inproceedings{caba2015activitynet,
  title={ActivityNet: A Large-Scale Video Benchmark for Human Activity Understanding},
  author={Fabian Caba Heilbron, Victor Escorcia, Bernard Ghanem and Juan Carlos Niebles},
  booktitle={Proceedings of the IEEE Conference on Computer Vision and Pattern Recognition},
  pages={961--970},
  year={2015}
}



@inproceedings{Santoro2017,
title = {A simple neural network module for relational reasoning},
author = {Santoro, Adam and Raposo, David and Barrett, David G and Malinowski, Mateusz and Pascanu, Razvan and Battaglia, Peter and Lillicrap, Timothy},
booktitle = {Advances in Neural Information Processing Systems 30},
pages = {4967--4976},
year = {2017},
publisher = {Curran Associates, Inc.},
url = {http://papers.nips.cc/paper/7082-a-simple-neural-network-module-for-relational-reasoning.pdf}
}


@inproceedings{Eslami2016AIR,
title = {Attend, Infer, Repeat: Fast Scene Understanding with Generative Models},
author = {Eslami, S. M. Ali and Heess, Nicolas and Weber, Theophane and Tassa, Yuval and Szepesvari, David and kavukcuoglu, koray and Hinton, Geoffrey E},
booktitle = {Advances in Neural Information Processing Systems 29},
pages = {3225--3233},
year = {2016},
publisher = {Curran Associates, Inc.},
url = {http://papers.nips.cc/paper/6230-attend-infer-repeat-fast-scene-understanding-with-generative-models.pdf}
}

@inproceedings{Kosiorek2018SQAIR,
title = {Sequential Attend, Infer, Repeat: Generative Modelling of Moving Objects},
author = {Kosiorek, Adam and Kim, Hyunjik and Teh, Yee Whye and Posner, Ingmar},
booktitle = {Advances in Neural Information Processing Systems 31},
pages = {8606--8616},
year = {2018},
publisher = {Curran Associates, Inc.},
url = {http://papers.nips.cc/paper/8079-sequential-attend-infer-repeat-generative-modelling-of-moving-objects.pdf}
}

@inproceedings{Greff2017NEM,
title = {Neural Expectation Maximization},
author = {Greff, Klaus and van Steenkiste, Sjoerd and Schmidhuber, J\"{u}rgen},
booktitle = {Advances in Neural Information Processing Systems 30},
pages = {6691--6701},
year = {2017},
url = {http://papers.nips.cc/paper/7246-neural-expectation-maximization.pdf}
}


@inproceedings{greff2019multiobject,
    title={Multi-Object Representation Learning with Iterative Variational Inference},
    author={Klaus Greff and Raphaël Lopez Kaufmann and Rishab Kabra and Nick Watters and Chris Burgess and Daniel Zoran and Loic Matthey and Matthew Botvinick and Alexander Lerchner},
    year={2019},
    eprint={1903.00450},
    booktitle={arXiv},
    primaryClass={cs.LG}
}

@inproceedings{
janner2018reasoning,
title={Reasoning About Physical Interactions with Object-Centric Models},
author={Michael Janner and Sergey Levine and William T. Freeman and Joshua B. Tenenbaum and Chelsea Finn and Jiajun Wu},
booktitle={International Conference on Learning Representations},
year={2019},
url={https://openreview.net/forum?id=HJx9EhC9tQ},
}


@inproceedings{
van2018relational,
title={Relational Neural Expectation Maximization: Unsupervised Discovery of Objects and their Interactions},
author={Sjoerd van Steenkiste and Michael Chang and Klaus Greff and Jürgen Schmidhuber},
booktitle={International Conference on Learning Representations},
year={2018},
url={https://openreview.net/forum?id=ryH20GbRW},
}

@inproceedings{jin2017noise,
  title={Noise-blind image deblurring},
  author={Jin, Meiguang and Roth, Stefan and Favaro, Paolo},
  booktitle={Proceedings of the IEEE Conference on Computer Vision and Pattern Recognition},
  pages={3510--3518},
  year={2017}
}

@inproceedings{bigdeli2017meanshift,
  title={Deep Mean-Shift Priors for Image Restoration},
  author={Siavash Arjomand Bigdeli and Meiguang Jin and Paolo Favaro and Matthias Zwicker},
  booktitle={Advances in Neural Information Processing Systems},
  pages={763--772},
  year={2017}
}

@inproceedings{kulkarni2015deep,
  title={Deep convolutional inverse graphics network},
  author={Kulkarni, Tejas D and Whitney, William F and Kohli, Pushmeet and Tenenbaum, Josh},
  booktitle={Advances in Neural Information Processing Systems},
  pages={2539--2547},
  year={2015}
}

@inproceedings{karras2017progressive,
	title = {Progressive Growing of {GAN}s for Improved Quality, Stability, and Variation},
	author = {Tero Karras and Timo Aila and Samuli Laine and Jaakko Lehtinen},
	booktitle = {International Conference on Learning Representations},
	year = {2018}
}

@inproceedings{chen2017photographic,
  title={Photographic image synthesis with cascaded refinement networks},
  author={Chen, Qifeng and Koltun, Vladlen},
  booktitle={ICCV},
  year={2017}
}

@article{szabo2017challenges,
  title={Challenges in Disentangling Independent Factors of Variation},
  author={Szab{\'o}, Attila and Hu, Qiyang and Portenier, Tiziano and Zwicker, Matthias and Favaro, Paolo},
  journal={arXiv:1711.02245},
  year={2017}
}

@inproceedings{Chen2016InfoGAN,
  title={Infogan: Interpretable representation learning by information maximizing generative adversarial nets},
  author={Chen, Xi and Duan, Yan and Houthooft, Rein and Schulman, John and Sutskever, Ilya and Abbeel, Pieter},
  booktitle={Advances in Neural Information Processing Systems},
  pages={2172--2180},
  year={2016}
}

@article{bourlard1988auto,
  title={Auto-association by multilayer perceptrons and singular value decomposition},
  author={Bourlard, Herv{\'e} and Kamp, Yves},
  journal={Biological cybernetics},
  volume={59},
  number={4},
  pages={291--294},
  year={1988},
  publisher={Springer}
}

@article{hinton2006reducing,
  title={Reducing the dimensionality of data with neural networks},
  author={Hinton, Geoffrey E and Salakhutdinov, Ruslan R},
  journal={Science},
  volume={313},
  number={5786},
  pages={504--507},
  year={2006},
  publisher={American Association for the Advancement of Science}
}

@article{bengio2013representation,
  title={Representation learning: A review and new perspectives},
  author={Bengio, Yoshua and Courville, Aaron and Vincent, Pascal},
  journal={IEEE transactions on pattern analysis and machine intelligence},
  volume={35},
  number={8},
  pages={1798--1828},
  year={2013},
  publisher={IEEE}
}

@inproceedings{vincent2008extracting,
  title={Extracting and composing robust features with denoising autoencoders},
  author={Vincent, Pascal and Larochelle, Hugo and Bengio, Yoshua and Manzagol, Pierre-Antoine},
  booktitle={International Conference on Machine Learning},
  year={2008},
  organization={ACM}
}

@inproceedings{mao2016image,
  title={Image restoration using very deep convolutional encoder-decoder networks with symmetric skip connections},
  author={Mao, Xiaojiao and Shen, Chunhua and Yang, Yu-Bin},
  booktitle={Advances in neural information processing systems},
  pages={2802--2810},
  year={2016}
}

@inproceedings{hinton2011transforming,
  title={Transforming auto-encoders},
  author={Hinton, Geoffrey E and Krizhevsky, Alex and Wang, Sida D},
  booktitle={International Conference on Artificial Neural Networks},
  pages={44--51},
  year={2011},
  organization={Springer}
}

@inproceedings{CycleGAN2017,
  title={Unpaired Image-to-Image Translation using Cycle-Consistent Adversarial Networks},
  author={Zhu, Jun-Yan and Park, Taesung and Isola, Phillip and Efros, Alexei A},
  booktitle = {ICCV},
  year = {2017}
}

@inproceedings{pathakCVPR16context,
    Author = {Pathak, Deepak and
    Kr\"ahenb\"uhl, Philipp and
    Donahue, Jeff and
    Darrell, Trevor and
    Efros, Alexei},
    Title = {Context Encoders:
    Feature Learning by Inpainting},
    Booktitle = {CVPR},
    Year = {2016}
}

@inproceedings{reed2015deep,
  title={Deep visual analogy-making},
  author={Reed, Scott E and Zhang, Yi and Zhang, Yuting and Lee, Honglak},
  booktitle={Advances in Neural Information Processing Systems},
  pages={1252--1260},
  year={2015}
}

@inproceedings{mathieu2016disentangling,
  title={Disentangling factors of variation in deep representation using adversarial training},
  author={Mathieu, Michael F and Zhao, Junbo Jake and Zhao, Junbo and Ramesh, Aditya and Sprechmann, Pablo and LeCun, Yann},
  booktitle={Advances in Neural Information Processing Systems},
  pages={5041--5049},
  year={2016}
}

@inproceedings{kingma2013auto,
  title={Auto-encoding variational bayes},
  author={Kingma, Diederik P and Welling, Max},
  booktitle = {ICLR},
  year={2014}
}

@inproceedings{goodfellow2014generative,
  title={Generative adversarial nets},
  author={Goodfellow, Ian and Pouget-Abadie, Jean and Mirza, Mehdi and Xu, Bing and Warde-Farley, David and Ozair, Sherjil and Courville, Aaron and Bengio, Yoshua},
  booktitle={Advances in neural information processing systems},
  pages={2672--2680},
  year={2014}
}

@inproceedings{pix2pix2016,
  author = {Phillip Isola and Jun{-}Yan Zhu and Tinghui Zhou and Alexei A. Efros},
  title = {Image-to-Image Translation with Conditional Adversarial Networks},
  Booktitle = {CVPR},
  Year = {2016}
}

@article{donahue2016adversarial,
  title={Adversarial feature learning},
  author={Donahue, Jeff and Kr{\"a}henb{\"u}hl, Philipp and Darrell, Trevor},
  journal={International Conference on Learning Representations},
  year={2017}
}

@inproceedings{denton2017unsupervised,
  title={Unsupervised learning of disentangled representations from video},
  author={Denton, Emily L and others},
  booktitle={Advances in Neural Information Processing Systems},
  pages={4417--4426},
  year={2017}
}

@InProceedings{Shrivastava_2017_CVPR,
  author = {Shrivastava, Ashish and Pfister, Tomas and Tuzel, Oncel and Susskind, Joshua and Wang, Wenda and Webb, Russell},
  title = {Learning From Simulated and Unsupervised Images Through Adversarial Training},
  booktitle = {CVPR},
  year = {2017}
}

@inproceedings{peng2017invariantface,
  title={Reconstruction for Feature Disentanglement in Pose-invariant Face Recognition},
  author={Xi, Peng and Xiang, Yu and Kihyuk, Sohn and Dimitris, Metaxas and Manmohan, Chandraker},
  booktitle = {ICCV},
  year = {2017}
}

@InProceedings{Tran_2017_CVPR,
  author = {Tran, Luan and Yin, Xi and Liu, Xiaoming},
  title = {Disentangled Representation Learning GAN for Pose-Invariant Face Recognition},
  booktitle = {CVPR},
  year = {2017}
}

@inproceedings{NeuralFace2017,
 title = {Neural Face Editing with Intrinsic Image Disentangling},
 author = {Shu, Z. and Yumer, E. and Hadap, S. and Sunkavalli, K. and Shechtman, E. and Samaras, D.},
 booktitle={CVPR},
 year = {2017},
}

@inproceedings{zhou2017unsupervised,
    Author = {Zhou, Tinghui and Brown, Matthew and Snavely, Noah and Lowe, David G.},
    Title = {Unsupervised Learning of Depth and Ego-Motion from Video},
    Booktitle = {CVPR},
    Year = {2017}
}

@article{dcgan2015,
  title={Unsupervised representation learning with deep convolutional generative adversarial networks},
  author={Radford, Alec and Metz, Luke and Chintala, Soumith},
  journal={arXiv:1511.06434},
  year={2015}
}

@inproceedings{higgins2016beta,
  title={beta-vae: Learning basic visual concepts with a constrained variational framework},
  author={Higgins, Irina and Matthey, Loic and Pal, Arka and Burgess, Christopher and Glorot, Xavier and Botvinick, Matthew and Mohamed, Shakir and Lerchner, Alexander},
  booktitle = {ICLR},
  year={2016}
}

@article{karras2017progressive,
  author    = {Terro Karras and Timo Aila and Samuli Laine and Jaakko Lehtinen},
  title     = {Progressive Growing of GANs for Improved Quality, Stability, and Variation},
  journal = {arxiv:1710.10196},
  year      = {2017},
}

@inproceedings{dipvae2017,
	title = "{Variational Inference of Disentangled Latent Concepts from Unlabeled Observations}",
	author={Abhishek Kumar and Prasanna Sattigeri and Avinash Balakrishnan},
	booktitle={International Conference on Learning Representations},
	year={2018}
}

@article{MNIST,
  title={Gradient-based learning applied to document recognition},
  author={LeCun, Yann and Bottou, L{\'e}on and Bengio, Yoshua and Haffner, Patrick},
  journal={Proceedings of the IEEE},
  volume={86},
  number={11},
  pages={2278--2324},
  year={1998},
  publisher={IEEE}
}

@inproceedings{CelebA,
  author = {Ziwei Liu and Ping Luo and Xiaogang Wang and Xiaoou Tang},
  title = {Deep Learning Face Attributes in the Wild},
  booktitle = {ICCV},
  year = {2015} 
}

@article{ImageNet,
  Author = {Olga Russakovsky and Jia Deng and Hao Su and Jonathan Krause and Sanjeev Satheesh and Sean Ma and Zhiheng Huang and Andrej Karpathy and Aditya Khosla and Michael Bernstein and Alexander C. Berg and Li Fei-Fei},
  Title = {ImageNet Large Scale Visual Recognition Challenge},
  Year = {2015},
  journal   = {International Journal of Computer Vision},
  doi = {10.1007/s11263-015-0816-y},
  volume={115},
  number={3},
  pages={211-252}
}

@article{began2017,
  title={{BEGAN}: Boundary equilibrium generative adversarial networks},
  author={Berthelot, David and Schumm, Tom and Metz, Luke},
  journal={arXiv:1703.10717},
  year={2017}
}

%%%%%%%%%%%%%%%%%%%%%%%%%%%%%%%%%%%%%%%%%%%%%%%%%%%%%%%%%%%%%%%%%%%%%%%%


@article{DumoulinBPLAMC16,
  author = {Dumoulin, Vincent and Belghazi, Ishmael and Poole, Ben and Lamb, Alex and Arjovsky, Martin and Mastropietro, Olivier and Courville, Aaron},
  biburl = {https://www.bibsonomy.org/bibtex/2336a0677e9d9b89dc63a6136b9df6f14/dblp},
  ee = {http://arxiv.org/abs/1606.00704},
  interhash = {95457bb56f31ebf939a380cd11f21160},
  intrahash = {336a0677e9d9b89dc63a6136b9df6f14},
  journal = {CoRR},
  keywords = {dblp},
  timestamp = {2016-07-02T11:37:33.000+0200},
  title = {Adversarially Learned Inference.},
  url = {http://dblp.uni-trier.de/db/journals/corr/corr1606.html#DumoulinBPLAMC16},
  volume = {abs/1606.00704},
  year = 2016
}

@inproceedings{kim2017learning,
  title={Learning to Discover Cross-Domain Relations with Generative Adversarial Networks},
  author={Kim, Taeksoo and Cha, Moonsu and Kim, Hyunsoo and Lee, Jung Kwon and Kim, Jiwon},
  booktitle={International Conference on Machine Learning},
  pages={1857--1865},
  year={2017}
}

@article{Unsupervised2017,
  author    = {M.Yu Liu, Thomas Breuel and Jan Kautz},
  title     = {Unsupervised Image-to-Image Translation Networks},
  journal   = {CoRR},
  volume    = {abs/1703.00848},
  year      = {2017},
  url       = {http://arxiv.org/abs/1703.00848},
  timestamp = {Wed, 07 Jun 2017 14:42:12 +0200},
  biburl    = {http://dblp.uni-trier.de/rec/bib/journals/corr/LiuBK17},
  bibsource = {dblp computer science bibliography, http://dblp.org}
}


%% Saved with string encoding Unicode (UTF-8) 
@InProceedings{Owens_2018_ECCV,
author = {Owens, Andrew and Efros, Alexei A.},
title = {Audio-Visual Scene Analysis with Self-Supervised Multisensory Features},
booktitle = {The European Conference on Computer Vision (ECCV)},
month = {September},
year = {2018}
}

@inproceedings{gidaris2018unsupervised,
title={Unsupervised Representation Learning by Predicting Image Rotations},
author={Spyros Gidaris and Praveer Singh and Nikos Komodakis},
booktitle={International Conference on Learning Representations},
year={2018},
url={https://openreview.net/forum?id=S1v4N2l0-},
}

@article{DIMA20091180,
title = "Understanding why patients with schizophrenia do not perceive the hollow-mask illusion using dynamic causal modelling",
journal = "NeuroImage",
volume = "46",
number = "4",
pages = "1180 - 1186",
year = "2009",
issn = "1053-8119",
doi = "https://doi.org/10.1016/j.neuroimage.2009.03.033",
url = "http://www.sciencedirect.com/science/article/pii/S105381190900278X",
author = "Danai Dima and Jonathan P. Roiser and Detlef E. Dietrich and Catharina Bonnemann and Heinrich Lanfermann and Hinderk M. Emrich and Wolfgang Dillo"
}


@InProceedings{Hu_2018_CVPR,
author = {Hu, Qiyang and Szab\'{o}, Attila and Portenier, Tiziano and Favaro, Paolo and Zwicker, Matthias},
title = {Disentangling Factors of Variation by Mixing Them},
booktitle = {CVPR},
year = {2018}
}

@book{gregory1970,
  Author = {R. L Gregory},
  Title = {The intelligent eye},
  Publisher = {Weidenfeld \& Nicolson},
  Year = {1970},
  ISBN = {0297000217},
  URL = {https://www.amazon.com/intelligent-eye-R-L-Gregory/dp/0297000217?SubscriptionId=AKIAIOBINVZYXZQZ2U3A&tag=chimbori05-20&linkCode=xm2&camp=2025&creative=165953&creativeASIN=0297000217}
}


@inproceedings{bora2018ambientgan,
  title={Ambient{GAN}: Generative models from lossy measurements},
  author={Ashish Bora and Eric Price and Alexandros G. Dimakis},
  booktitle={ICLR},
  year={2018},
}

@article{arjovsky2017wasserstein,
  title={Wasserstein gan},
  author={Arjovsky, Martin and Chintala, Soumith and Bottou, L{\'e}on},
  journal={arXiv:1701.07875},
  year={2017}
}

@inproceedings{gulrajani2017wgangp,
  title={Improved training of wasserstein gans},
  author={Gulrajani, Ishaan and Ahmed, Faruk and Arjovsky, Martin and Dumoulin, Vincent and Courville, Aaron C},
  booktitle={NIPS},
  year={2017}
}

@article{anirudh2018invgan,
  title={An Unsupervised Approach to Solving Inverse Problems using Generative Adversarial Networks},
  author={Anirudh, Rushil and Thiagarajan, Jayaraman J and Kailkhura, Bhavya and Bremer, Timo},
  journal={arXiv:1805.07281},
  year={2018}
}


@techreport{shapenet,
  title       = {{ShapeNet: An Information-Rich 3D Model Repository}},
  author      = {Chang, Angel X. and Funkhouser, Thomas and Guibas, Leonidas and Hanrahan, Pat and Huang, Qixing and Li, Zimo and Savarese, Silvio and Savva, Manolis and Song, Shuran and Su, Hao and Xiao, Jianxiong and Yi, Li and Yu, Fisher},
  number      = {arXiv:1512.03012 [cs.GR]},
  year        = {2015}
}

@book{multiview,
  title={Multiple view geometry in computer vision},
  author={Hartley, Richard and Zisserman, Andrew},
  year={2003},
  publisher={Cambridge university press}
}

@inproceedings{ganGoodfellow,
  title={Generative adversarial nets},
  author={Goodfellow, Ian and Pouget-Abadie, Jean and Mirza, Mehdi and Xu, Bing and Warde-Farley, David and Ozair, Sherjil and Courville, Aaron and Bengio, Yoshua},
  booktitle={NIPS},
  year={2014}
}

@article{sfm,
  title={Shape and motion from image streams under orthography: a factorization method},
  author={Tomasi, Carlo and Kanade, Takeo},
  journal={International Journal of Computer Vision},
  volume={9},
  number={2},
  pages={137--154},
  year={1992},
  publisher={Springer}
}

@article{lowe2004distinctive,
  title={Distinctive image features from scale-invariant keypoints},
  author={Lowe, David G},
  journal={International journal of computer vision},
  volume={60},
  number={2},
  pages={91--110},
  year={2004},
  publisher={Springer}
}

@inproceedings{zhou2017kitti,
  title={Unsupervised learning of depth and ego-motion from video},
  author={Zhou, Tinghui and Brown, Matthew and Snavely, Noah and Lowe, David G},
  booktitle={CVPR},
  year={2017}
}

@inproceedings{vedaldi2017look,
  title={Learning 3D Object Categories by Looking Around Them},
  author={Novotny, David and Larlus, Diane and Vedaldi, Andrea},
  booktitle={ICCV},
  year={2017}
}

@book{horn1989obtaining,
  title={Obtaining shape from shading information},
  author={Horn, Berthold KP},
  year={1989},
  publisher={MIT press}
}

@inproceedings{blanz1999,
  title={A morphable model for the synthesis of 3D faces},
  author={Blanz, Volker and Vetter, Thomas},
  booktitle={Proceedings of the 26th annual conference on Computer graphics and interactive techniques},
  year={1999}
}

@inproceedings{sela,
  title={Unrestricted facial geometry reconstruction using image-to-image translation},
  author={Sela, Matan and Richardson, Elad and Kimmel, Ron},
  booktitle={ICCV},
  year={2017}
}

@inproceedings{basel2017,
  title={Morphable face models-an open framework},
  author={Gerig, Thomas and Morel-Forster, Andreas and Blumer, Clemens and Egger, Bernhard and Luthi, Marcel and Sch{\"o}nborn, Sandro and Vetter, Thomas},
  booktitle={Automatic Face \& Gesture Recognition},
  year={2018},
  organization={IEEE}
}

@inproceedings{tran2017,
  title={Regressing robust and discriminative 3D morphable models with a very deep neural network},
  author={Tran, Anh Tuan and Hassner, Tal and Masi, Iacopo and Medioni, G{\'e}rard},
  booktitle={CVPR},
  year={2017}
}

@inproceedings{mofa2017,
  title={MoFA: Model-Based Deep Convolutional Face Autoencoder for Unsupervised Monocular Reconstruction},
  author={Tewari, Ayush and Zollh{\"o}fer, Michael and Kim, Hyeongwoo and Garrido, Pablo and Bernard, Florian and P{\'e}rez, Patrick and Theobalt, Christian},
  booktitle={ICCV},
  year={2017}
}

@inproceedings{genova2018,
  title={Unsupervised Training for 3D Morphable Model Regression},
  author={Genova, Kyle and Cole, Forrester and Maschinot, Aaron and Sarna, Aaron and Vlasic, Daniel and Freeman, William T},
  booktitle={CVPR},
  year={2018}
}

@inproceedings{kingma2014vae,
  title={Auto-encoding variational bayes},
  author={Kingma, Diederik P and Welling, Max},
  booktitle={ICLR},
  year={2014},
}

@inproceedings{pgan2018,
  title={Progressive Growing of GANs for Improved Quality, Stability, and Variation},
  author={Karras, Tero and Aila, Timo and Laine, Samuli and Lehtinen, Jaakko},
  booktitle={ICLR},
  year={2018}
}

@inproceedings{wu2016_3dgan,
  title={Learning a probabilistic latent space of object shapes via 3d generative-adversarial modeling},
  author={Wu, Jiajun and Zhang, Chengkai and Xue, Tianfan and Freeman, Bill and Tenenbaum, Josh},
  booktitle={NIPS},
  year={2016}
}

@inproceedings{neuralmesh2018,
  title={Neural 3d mesh renderer},
  author={Kato, Hiroharu and Ushiku, Yoshitaka and Harada, Tatsuya},
  booktitle={CVPR},
  year={2018}
}

@inproceedings{loper2014opendr,
  title={OpenDR: An approximate differentiable renderer},
  author={Loper, Matthew M and Black, Michael J},
  booktitle={ECCV},
  year={2014}
}

@inproceedings{prgan2017,
  title={3d shape induction from 2d views of multiple objects},
  author={Gadelha, Matheus and Maji, Subhransu and Wang, Rui},
  booktitle={International Conference on 3D Vision},
  year={2017}
}

@inproceedings{vggface,
  title={Deep Face Recognition},
  author={Parkhi, Omkar M and Vedaldi, Andrea and Zisserman, Andrew},
  booktitle={BMVC},
  year={2015}
}

@inproceedings{henderson2018,
  title={Learning to Generate and Reconstruct 3D Meshes with only 2D Supervision},
  author={Henderson, Paul and Ferrari, Vittorio},
  booktitle={BMVC},
  year={2018}
}

@inproceedings{basel2009,
  title={A 3D face model for pose and illumination invariant face recognition},
  author={Paysan, Pascal and Knothe, Reinhard and Amberg, Brian and Romdhani, Sami and Vetter, Thomas},
  booktitle={Advanced video and signal based surveillance},
  year={2009}
}



%%%%%%%%%%%%%%%%%%%%%%%%%%%%%%%%%%%%%%%%%%%%%%%%%%%%%%%%%%%%%%%%%%%%%%%%%%%%%%%%%%%%%%%%%%%%%%

@inproceedings{jelbertTCCG14,
   title={Using the Aesop's Fable Paradigm to Investigate Causal Understanding of Water Displacement by New Caledonian Crows},
   author={S.~ A.~ Jelbert , A.~ H.~ Taylor, L.~ G.~ Cheke, N.~ S.~ Clayton, R.~ D.~ Gray},
   booktitle={PLOS ONE},
   year={2014}
} 


@article{jin2019slowmotion,
  title={Learning to Extract Flawless Slow Motion from Blurry Videos},
  author={Jin, M. and Hu, Z. and Favaro, P.},
  journal={CVPR},
  year={2019}
}



@INPROCEEDINGS{Damen2018EPICKITCHENS,
   title={Scaling Egocentric Vision: The EPIC-KITCHENS Dataset},
   author={Damen, Dima and Doughty, Hazel and Farinella, Giovanni Maria  and Fidler, Sanja and 
           Furnari, Antonino and Kazakos, Evangelos and Moltisanti, Davide and Munro, Jonathan 
           and Perrett, Toby and Price, Will and Wray, Michael},
   booktitle={European Conference on Computer Vision (ECCV)},
   year={2018}
} 

@inproceedings{pathakICMl17curiosity,
    Author = {Pathak, Deepak and
    Agrawal, Pulkit and
    Efros, Alexei A. and
    Darrell, Trevor},
    Title = {Curiosity-driven Exploration
    by Self-supervised Prediction},
    Booktitle = {ICML},
    Year = {2017}
}


@article{caruana1996promoting,
  title={Promoting poor features to supervisors: Some inputs work better as outputs},
  author={Caruana, R. and de Sa, V. R.},
  journal={NIPS},
  year={1996}
}

@article{ando2005predictive,
  title={A framework for learning predictive structures from multiple tasks and unlabeled data},
  author={Ando, R.K. and Zhang, T.},
  journal={JMLR},
  year={2005}
}

@article{jin2018normalized,
  title={Normalized Blind Deconvolution},
  author={Jin, M. and Roth, S. and Favaro, P.},
  journal={ECCV},
  year={2018}
}

@article{jenni2018bilevel,
  title={Deep Bilevel Learning},
  author={Jenni, S. and Favaro, P.},
  journal={ECCV},
  pages = {618--633},
  year={2018}
}

@article{jenni2019gan,
  title={Stable Generative Adversarial Training via Data Distribution Filtering},
  author={Jenni, S. and Favaro, P.},
  journal={CVPR},
  pages = {},
  year={2019}
}


@article{jin2018video,
  title={Learning to Extract a Video Sequence from a Single Motion-Blurred Image},
  author={Jin, M. and Meishvili, G. and Favaro, P.},
  journal={CVPR},
  year={2018}
}


@article{jin2019slow,
  title={Learning to Extract Flawless Slow Motion from Blurry Videos},
  author={Jin, M. and Hu, Z. and Favaro, P.},
  journal={CVPR},
  year={2019}
}


@article{TorralbaE11,
  title={Unbiased Look at Dataset Bias},
  author={Antonio Torralba and Alexei A. Efros},
  journal={CVPR},
  year={2011}
}


@article{szabo2018understanding,
  title={Understanding Degeneracies and Ambiguities in Attribute Transfer},
  author={Szab\'{o}, A. and Hu, Q. and Portenier, T. and Zwicker, M. and Favaro, P.},
  journal={ECCV},
  year={2018}
}

@article{hu2018mixing,
  title={Disentangling Factors of Variation by Mixing Them},
  author={Hu, Q. and Szab\'{o}, A. and Portenier, T. and Zwicker, M. and Favaro, P.},
  journal={CVPR},
  year={2018}
}


@article{noroozi2017representation,
  title={Representation Learning by Learning to Count},
  author={Noroozi, Mehdi and Pirsiavash, Hamed and Favaro, Paolo},
  journal={ICCV},
  year={2017}
}

@inproceedings{noroozi2016unsupervised,
	Author = {Noroozi, Mehdi and Favaro, Paolo},
	Booktitle = {European Conference on Computer Vision},
	Date-Added = {2017-01-20 13:21:39 +0000},
	Date-Modified = {2017-01-20 13:21:39 +0000},
	Organization = {Springer},
	Pages = {69--84},
	Title = {Unsupervised learning of visual representations by solving jigsaw puzzles},
	Year = {2016}}

@inproceedings{noroozi2018boosting,
  author = {M. Noroozi and A. Vinjimoor and P. Favaro and H. Pirsiavash},
  title = {Boosting Self-Supervised Learning via Knowledge Transfer},
  booktitle = {CVPR},
  year = {2018} 
}

@inproceedings{jenni2018artifacts,
  author = {S. Jenni and P. Favaro},
  title = {Self-Supervised Feature Learning by Learning to Spot Artifacts},
  booktitle = {CVPR},
  year = {2018} 
}

@inproceedings{wang2015unsupervised,
	title={Unsupervised learning of visual representations using videos},
	author={Wang, Xiaolong and Gupta, Abhinav},
	booktitle={Proceedings of the IEEE International Conference on Computer Vision},
	pages={2794--2802},
	year={2015}
}

@inproceedings{vondrick2018tracking,
	title={Tracking emerges by colorizing videos},
	author={Vondrick, Carl and Shrivastava, Abhinav and Fathi, Alireza and Guadarrama, Sergio and Murphy, Kevin},
	booktitle={Proc. ECCV},
	year={2018}
}

@inproceedings{misra2016shuffle,
	title={Shuffle and learn: unsupervised learning using temporal order verification},
	author={Misra, Ishan and Zitnick, C Lawrence and Hebert, Martial},
	booktitle={European Conference on Computer Vision},
	pages={527--544},
	year={2016},
	organization={Springer}
}

@inproceedings{brattoli2017lstm,
	title={Lstm self-supervision for detailed behavior analysis},
	author={Brattoli, Biagio and B{\"u}chler, Uta and Wahl, Anna-Sophia and Schwab, Martin E and Ommer, Bj{\"o}rn},
	booktitle={Proceedings of the IEEE Conference on Computer Vision and Pattern Recognition (CVPR)},
	volume={2},
	year={2017}
}

@inproceedings{fernando2017self,
	title={Self-supervised video representation learning with odd-one-out networks},
	author={Fernando, Basura and Bilen, Hakan and Gavves, Efstratios and Gould, Stephen},
	booktitle={Computer Vision and Pattern Recognition (CVPR), 2017 IEEE Conference on},
	pages={5729--5738},
	year={2017},
	organization={IEEE}
}

@article{buchler2018improving,
	title={Improving Spatiotemporal Self-Supervision by Deep Reinforcement Learning},
	author={B{\"u}chler, Uta and Brattoli, Biagio and Ommer, Bj{\"o}rn},
	journal={arXiv preprint arXiv:1807.11293},
	year={2018}
}

@inproceedings{wei2018learning,
	title={Learning and using the arrow of time},
	author={Wei, Donglai and Lim, Joseph and Zisserman, Andrew and Freeman, William T},
	booktitle={Proceedings of the IEEE Conference on Computer Vision and Pattern Recognition},
	pages={8052--8060},
	year={2018}
}

@inproceedings{gan2018geometry,
	title={Geometry Guided Convolutional Neural Networks for Self-Supervised Video Representation Learning},
	author={Gan, Chuang and Gong, Boqing and Liu, Kun and Su, Hao and Guibas, Leonidas J},
	booktitle={Proceedings of the IEEE Conference on Computer Vision and Pattern Recognition},
	pages={5589--5597},
	year={2018}
}

@article{vijayanarasimhan2017sfm,
	title={Sfm-net: Learning of structure and motion from video},
	author={Vijayanarasimhan, Sudheendra and Ricco, Susanna and Schmid, Cordelia and Sukthankar, Rahul and Fragkiadaki, Katerina},
	journal={arXiv preprint arXiv:1704.07804},
	year={2017}
}

@inproceedings{owens2016ambient,
	title={Ambient sound provides supervision for visual learning},
	author={Owens, Andrew and Wu, Jiajun and McDermott, Josh H and Freeman, William T and Torralba, Antonio},
	booktitle={European Conference on Computer Vision},
	pages={801--816},
	year={2016},
	organization={Springer}
}

@inproceedings{arandjelovic2017look,
	title={Look, listen and learn},
	author={Arandjelovic, Relja and Zisserman, Andrew},
	booktitle={2017 IEEE International Conference on Computer Vision (ICCV)},
	pages={609--617},
	year={2017},
	organization={IEEE}
}

@article{gao2018learning,
	title={Learning to separate object sounds by watching unlabeled video},
	author={Gao, Ruohan and Feris, Rogerio and Grauman, Kristen},
	journal={arXiv preprint arXiv:1804.01665},
	year={2018}
}

@article{owens2018audio,
	title={Audio-visual scene analysis with self-supervised multisensory features},
	author={Owens, Andrew and Efros, Alexei A},
	journal={arXiv preprint arXiv:1804.03641},
	year={2018}
}

@inproceedings{agrawal2015learning,
	title={Learning to see by moving},
	author={Agrawal, Pulkit and Carreira, Joao and Malik, Jitendra},
	booktitle={Proceedings of the IEEE International Conference on Computer Vision},
	pages={37--45},
	year={2015}
}

@inproceedings{zhou2016learning,
	title={Learning deep features for discriminative localization},
	author={Zhou, Bolei and Khosla, Aditya and Lapedriza, Agata and Oliva, Aude and Torralba, Antonio},
	booktitle={Proceedings of the IEEE Conference on Computer Vision and Pattern Recognition},
	pages={2921--2929},
	year={2016}
}





%%%%%%%%%%%%%%%

@InProceedings{SunCXP2015,
author = {Sun, Jian and Cao, Wenfei and Xu, Zongben and Ponce, Jean},
title = {Learning a Convolutional Neural Network for Non-Uniform Motion Blur Removal},
journal = {The IEEE Conference on Computer Vision and Pattern Recognition (CVPR)},
month = {June},
year = {2015}
}


@INPROCEEDINGS{HacohenSL2013, 
author={Hacohen, Y. and Shechtman, E. and Lischinski, D.}, 
booktitle={IEEE International Conference on Computer Vision}, 
title={Deblurring by Example Using Dense Correspondence}, 
year={2013}, 
pages={2384-2391}
}

@inproceedings{Zu2013,
  author = {Zu, L. and Zheng, S. and Jia, J.},
  title = {Unnatural $L_0$ Sparse Representation for Natural Image Deblurring},
  booktitle = {CVPR},
  year = {2013},
}

@ARTICLE{StockhamCI75, 
author={Stockham, T.G., Jr. and Cannon, T.M. and Ingebretsen, R.B.}, 
journal={Proceedings of the IEEE}, 
title={Blind deconvolution through digital signal processing}, 
year={1975}, 
month={April}, 
volume={63}, 
number={4}, 
pages={678-692}, 
keywords={Acoustic noise;Acoustic testing;Cities and towns;Convolution;Deconvolution;Degradation;Digital signal processing;Image restoration;Signal processing;Signal restoration}, 
doi={10.1109/PROC.1975.9800}, 
ISSN={0018-9219},}

@INPROCEEDINGS{skochG11, 
author={Skoch, W. and Gauch, J.}, 
booktitle={Signal and Image Processing Applications (ICSIPA), 2011 IEEE International Conference on}, title={The effects of anisotropic Gaussian diffusion in scale invariant feature detection}, 
year={2011}, 
pages={524-529}}

@article{HuZ10,
author = {Wenze Hu and Song-Chun Zhu},
title = {Learning a probabilistic model mixing 3D and 2D primitives for view invariant object recognition},
journal ={2012 IEEE Conference on Computer Vision and Pattern Recognition},
volume = {0},
year = {2010},
pages = {2273-2280}
}


@InProceedings{Vedaldi12a,
  author       = "Vedaldi, A. and Zisserman, A.",
  title        = "Self-similar sketch",
  booktitle    = "European Conference on Computer Vision",
  year         = "2012",
}

@INPROCEEDINGS{LiebeltS10, 
author={Liebelt, J. and Schmid, C.}, 
booktitle={Computer Vision and Pattern Recognition (CVPR), 2010 IEEE Conference on}, title={Multi-view object class detection with a 3D geometric model}, 
year={2010}, 
pages={1688-1695}}


@INPROCEEDINGS{ozuysalLF09, 
author={Ozuysal, M. and Lepetit, V. and Fua, P.}, 
booktitle={Computer Vision and Pattern Recognition, 2009. CVPR 2009. IEEE Conference on}, title={Pose estimation for category specific multiview object localization}, 
year={2009}, 
pages={778-785}}

@Article{Everingham10, 
   author = "Everingham, M. and Van~Gool, L. and Williams, C. K. I. and Winn, J. and Zisserman, A.", 
   title = "The Pascal Visual Object Classes (VOC) Challenge", 
   journal = "International Journal of Computer Vision", 
   volume = "88", 
   year = "2010", 
   number = "2", 
   month = jun, 
   pages = "303--338", 
} 

@INPROCEEDINGS{BaoBS11, 
author={Bao, S.Y. and Bagra, M. and Savarese, S.}, 
booktitle={Computer Vision Workshops (ICCV Workshops), 2011 IEEE International Conference on}, title={Semantic structure from motion with object and point interactions}, 
year={2011}, 
pages={982-989}}

@INPROCEEDINGS{BaoS11, 
author={Bao, S.Y. and Savarese, S.}, 
booktitle={Computer Vision and Pattern Recognition (CVPR), 2011 IEEE Conference on}, title={Semantic structure from motion}, 
year={2011}, 
pages={2025-2032}}

@INPROCEEDINGS{HaoMFS09, 
author={Hao Su and Min Sun and Li Fei-Fei and Savarese, S.}, 
booktitle={Computer Vision, 2009 IEEE 12th International Conference on}, title={Learning a dense multi-view representation for detection, viewpoint classification and synthesis of object categories}, 
year={2009}, 
pages={213-220}}


@inproceedings{BaoS12,
 author = {Bao, Sid Yingze and Savarese, Silvio},
 title = {Semantic structure from motion: a novel framework for joint object recognition and 3d reconstruction},
 booktitle = {Proceedings of the 15th international conference on Theoretical Foundations of Computer Vision: outdoor and large-scale real-world scene analysis},
 year = {2012},
 pages = {376--397},
 numpages = {22}
} 


@INPROCEEDINGS{GlasnerGABS11, 
author={Glasner, D. and Galun, M. and Alpert, S. and Basri, R. and Shakhnarovich, G.}, 
booktitle={Computer Vision (ICCV), 2011 IEEE International Conference on}, title={Viewpoint-aware object detection and pose estimation}, 
year={2011}, 
pages={1275-1282}}

@inproceedings {PepilSGS12,
	title = {Teaching 3D Geometry to Deformable Part Models},
	booktitle = {IEEE Conference on Computer Vision and Pattern Recognition (CVPR) 2012},
	year = {2012},
	author = {Pepik, Bojan and Michael Stark and Peter Gehler and Schiele, Bernt}
}


@inproceedings {ZiaSSS11,
	title = {Revisiting 3D Geometric Models for Accurate Object Shape and Pose},
	booktitle = {3rd International IEEE Workshop on  3D Representation and Recognition (3dRR-11)},
	year = {2011},
	month = {11},
	author = {Zeeshan Zia and Michael Stark and Konrad Schindler and Schiele, Bernt}
}


@inproceedings{vedaldi09multiple,
  Author    = {A. Vedaldi and V. Gulshan and M. Varma and A. Zisserman},
  Title     = {Multiple Kernels for Object Detection},
  Booktitle = {Proceedings of the International
               Conference on Computer Vision ({ICCV})},
  Year      = {2009}}



@inproceedings{PerronninSM10,
 author = {Perronnin, Florent and S\'{a}nchez, Jorge and Mensink, Thomas},
 title = {Improving the fisher kernel for large-scale image classification},
 booktitle = {Proceedings of the 11th European conference on Computer vision: Part IV},
 series = {ECCV'10},
 year = {2010},
  pages = {143--156},
 numpages = {14} } 


@inproceedings{DouF10,
 author = {Dou, Qingxu and Favaro, Paolo},
 title = {A convex multi-view stereo formulation with robustness to occlusions and time-varying clutter},
 booktitle = {Proceedings of the Seventh Indian Conference on Computer Vision, Graphics and Image Processing},
 series = {ICVGIP '10},
 year = {2010},
 pages = {243--250},
 numpages = {8}} 


@INPROCEEDINGS{PapadhimitriF13, 
author={Papadhimitri, T. and Favaro, P.}, 
booktitle={Computer Vision and Pattern Recognition}, 
title={A new perspective on uncalibrated photometric stereo}, 
year={2013}, 
pages={1474--1481}}

@article{PapadhimitriF14,
year={2014},
journal={International Journal of Computer Vision},
volume={107},
number={2},
title={A Closed-Form, Consistent and Robust Solution to Uncalibrated Photometric Stereo Via Local Diffuse Reflectance Maxima},
author={Papadhimitri, Thoma and Favaro, Paolo},
pages={139-154}
}


@INPROCEEDINGS{FavaroP12, 
author={Favaro, P. and Papadhimitri, T.}, 
booktitle={Computer Vision and Pattern Recognition}, 
title={A closed-form solution to uncalibrated photometric stereo via diffuse maxima}, 
year={2012}, 
pages={821--828}}

@INPROCEEDINGS{Guo03towardsa,
    author = {Cheng-en Guo and Song-chun Zhu and Ying Nian Wu},
    title = {Towards a mathematical theory of primal sketch and sketchability},
    booktitle = {and sketchability,Ó International Conference on Computer Vision},
    year = {2003},
    pages = {1228--1235}
}

@article{CootesTCG95,
title = "Active Shape Models-Their Training and Application",
journal = "Computer Vision and Image Understanding",
volume = "61",
number = "1",
pages = "38 - 59",
year = "1995",
note = "",
issn = "1077-3142",
doi = "10.1006/cviu.1995.1004",
url = "http://www.sciencedirect.com/science/article/pii/S1077314285710041",
author = "T.F. Cootes and C.J. Taylor and D.H. Cooper and J. Graham"
}

@ARTICLE{DaviesTCT10, 
author={Davies, R.H. and Twining, C.J. and Cootes, T.F. and Taylor, C.J.}, 
journal={Medical Imaging, IEEE Transactions on}, title={Building 3-D Statistical Shape Models by Direct Optimization}, 
year={2010}, 
volume={29}, 
number={4}, 
pages={961-981}}

@article{hamzakrim03,
	Author = {Hamza, A. B. and Krim, H.},
	Date-Added = {2012-04-02 17:02:56 +0100},
	Date-Modified = {2012-04-02 17:03:49 +0100},
	Journal = {Lecture Notes in Computer Science},
	Title = {Geodesic object representation and recognition},
	Year = {2003}}

@article{memoli07,
	Author = {Memoli, F.},
	Date-Added = {2012-04-02 17:01:58 +0100},
	Date-Modified = {2012-04-02 17:02:33 +0100},
	Journal = {Eurographics Symposium on Point-Based Graphics},
	Title = {On the use of Gromov-Hausdorff Distances for Shape Comparison},
	Year = {2007}}

@article{geohash88,
	Author = {Lamdam, Y. and Wolfson, H.},
	Date-Added = {2012-04-02 17:00:20 +0100},
	Date-Modified = {2012-04-02 17:01:14 +0100},
	Journal = {ICCV},
	Title = {Geometric hashing: a general and efficient model-based recognition scheme},
	Year = {1988}}

@article{osada01,
	Author = {Osada, R. and Funkhouser, T.},
	Date-Added = {2012-04-02 16:59:03 +0100},
	Date-Modified = {2012-04-02 17:00:00 +0100},
	Journal = {SMI},
	Title = {Matching 3D Models with Shape Distributions},
	Year = {2001}}

@article{patentCGGFC2005,
	Author = {US Docket 2005P14550US01, Carneiro, G. and Good, S. and Georgescu, A. and Favaro, P. and Comaniciu, D.},
	Date-Added = {2012-04-02 16:07:30 +0100},
	Date-Modified = {2012-04-02 16:08:45 +0100},
	Journal = {Provisional Patent},
	Title = {System and Method for Fetal Biometric Measurements from Ultrasound Data and Fusion of Same for Estimation of Fetal Gestational Age},
	Year = {2005}}

@article{yuzhago09,
	Author = {Yu, K. and Zhang, T. and Gong, Y.},
	Date-Added = {2012-04-02 15:59:43 +0100},
	Date-Modified = {2012-04-02 16:00:34 +0100},
	Journal = {NIPS},
	Title = {Nonlinear learning using local coordinate coding},
	Year = {2009}}

@article{YangYuHuangECCV2010,
	Author = {Yang, J. and Yu, K. and Huang, T.},
	Date-Added = {2012-04-02 15:57:34 +0100},
	Date-Modified = {2012-04-02 15:58:49 +0100},
	Journal = {ECCV},
	Title = {Ecient Highly Over-Complete Sparse Coding using a Mixture Model},
	Year = {2010}}

@article{favaroRavichandranVidalCVPR2011,
	Date-Added = {2012-04-02 15:49:26 +0100},
	Date-Modified = {2012-04-02 15:49:28 +0100}}

@article{vidalMagazine,
	Author = {Vidal, R.},
	Date-Added = {2012-04-02 15:47:48 +0100},
	Date-Modified = {2012-04-02 15:51:09 +0100},
	Journal = {Signal Processing Magazine, vol.28,no.2,pp.52--68},
	Title = {Subspace clustering},
	Year = {2011}}

@article{EhsanVidalNIPS2011,
	Author = {Elhamifar, E. and Vidal, R.},
	Date-Added = {2012-04-02 15:46:17 +0100},
	Date-Modified = {2012-04-02 15:46:56 +0100},
	Journal = {NIPS},
	Title = {Sparse Manifold Clustering and Embedding},
	Year = {2011}}

@article{pothchater05,
	Author = {Pothos, E. M. and Chater, N.},
	Date-Added = {2012-04-02 15:04:06 +0100},
	Date-Modified = {2012-04-02 15:05:15 +0100},
	Journal = {THE QUARTERLY JOURNAL OF EXPERIMENTAL PSYCHOLOGY},
	Title = {Unsupervised categorization and category learning},
	Year = {2005}}

@article{cacotorr11,
	Author = {Cabral, R. S. and Costeira, J. P. and De la Torre, F. and Bernardino, A.},
	Date-Added = {2012-04-02 14:54:55 +0100},
	Date-Modified = {2012-04-02 14:55:56 +0100},
	Journal = {ICIP},
	Title = {Fast incremental method for matrix completion: an application to trajectory correction},
	Year = {2011}}

@article{USDocket2005P14550US01,
	Author = {Carneiro, G. and Good, S. and Georgescu, A. and Favaro, P. and Comaniciu, D.},
	Date-Added = {2012-04-02 14:51:08 +0100},
	Date-Modified = {2012-04-02 14:52:10 +0100},
	Journal = {Provisional Patent},
	Title = {System and Method for Fetal Biometric Measurements from Ultrasound Data and Fusion of Same for Estimation of Fetal Gestational Age},
	Year = {2005}}

@article{patentCGPFC2005,
	Author = {US Docket 2005P16866US01, Chackraborty, A. and Georgescu, A. and Petrovich, N. and Favaro, P. and Comaniciu, D.},
	Date-Added = {2012-04-02 14:47:40 +0100},
	Date-Modified = {2012-04-02 14:50:57 +0100},
	Journal = {Provisional Patent},
	Title = {System and Method for Semantic Indexing and Navigation of Volumetric Images},
	Year = {2005}}

@article{cite-key,
	Date-Added = {2012-04-02 14:42:02 +0100},
	Date-Modified = {2012-04-02 14:42:02 +0100}}

@article{favaroVAPAMI2012,
	Author = {Favaro, P. and Vidal, R. and Ravichandran, A.},
	Date-Added = {2012-04-02 14:40:37 +0100},
	Date-Modified = {2012-04-02 14:41:35 +0100},
	Journal = {PAMI, in preparation},
	Title = {Generalized Principal Component Pursuit},
	Year = {2012}}

@article{favaroVACVPR2011,
	Author = {Favaro, P. and Vidal, R. and Ravichandran, A.},
	Date-Added = {2012-04-02 14:39:56 +0100},
	Date-Modified = {2012-04-02 14:40:28 +0100},
	Journal = {CVPR},
	Title = {A Closed Form Solution to Robust Subspace Estimation and Clustering},
	Year = {2011}}

@article{favaroCVPR2010,
	Author = {Favaro, P.},
	Date-Added = {2012-04-02 14:37:30 +0100},
	Date-Modified = {2012-04-02 14:38:06 +0100},
	Journal = {CVPR},
	Title = {Recovering Thin Structures via Nonlocal-Means Regularization with Application to Depth from Defocus},
	Year = {2010}}

@article{bishopFPAMI2012,
	Author = {Bishop, T. and Favaro, P.},
	Date-Added = {2012-04-02 14:36:21 +0100},
	Date-Modified = {2012-04-02 14:36:53 +0100},
	Journal = {PAMI},
	Title = {The Light Field Camera: Extended Depth of Field, Aliasing and Super-resolution},
	Year = {2012}}

@article{dorettoCFSICCV2003,
	Author = {Doretto, G. and Cremers, D. and Favaro, P. and Soatto, S.},
	Date-Added = {2012-04-02 14:34:31 +0100},
	Date-Modified = {2012-04-02 14:35:20 +0100},
	Journal = {ICCV},
	Title = {Dynamic texture segmentation},
	Year = {2003}}

@article{vidalFICCV2007,
	Author = {Vidal, R. and Favaro, P.},
	Date-Added = {2012-04-02 14:33:48 +0100},
	Date-Modified = {2012-04-02 14:34:23 +0100},
	Journal = {ICCV},
	Title = {DynamicBoost: Boosting Time Series Generated by Dynamical Systems},
	Year = {2007}}

@article{vedaldiFGICCV07,
	Author = {Vedaldi, A. and Favaro, P. and Grisan, E.},
	Date-Added = {2012-04-02 14:32:11 +0100},
	Date-Modified = {2012-04-02 14:33:34 +0100},
	Journal = {ICCV},
	Title = {Boosting Invariance and Efficiency in Supervised Learning},
	Year = {2007}}

@article{ravichandranFVIJCV2012,
	Author = {Ravichandran, A. and Favaro, P. and Vidal, R.},
	Date-Added = {2012-04-02 14:31:22 +0100},
	Date-Modified = {2012-04-02 16:03:36 +0100},
	Journal = {IJCV},
	Title = {A Unified Approach to Segmentation and Categorization of Dynamic Textures},
	Year = {submitted, 2011}}

@article{martinelloF2011,
	Author = {Martinello, M. and Favaro, P.},
	Date-Added = {2012-04-02 14:30:24 +0100},
	Date-Modified = {2012-04-02 14:31:08 +0100},
	Journal = {Dagstuhl Proceedings},
	Title = {Single Image Blind Deconvolution with Higher-Order Texture Statistics},
	Year = {2011}}

@article{ravichandranFVACCV2010,
	Author = {Ravichandran, A. and Favaro, P. and Vidal, R.},
	Date-Added = {2012-04-02 14:29:08 +0100},
	Date-Modified = {2012-04-02 16:05:03 +0100},
	Journal = {ACCV},
	Title = {A Unified Approach to Segmentation and Categorization of Dynamic Textures},
	Year = {2010}}

@article{tohyun09,
	Author = {Toh, K.-C. and S.Yun},
	Date-Added = {2012-04-02 14:24:48 +0100},
	Date-Modified = {2012-04-02 14:25:55 +0100},
	Journal = {Preprint},
	Title = {An accelerated proximal gradient algorithm for nuclear norm regularized least squares problems},
	Year = {2009}}

@article{magoldchen,
	Author = {Ma, S. and},
	Date-Added = {2012-04-02 14:23:07 +0100},
	Date-Modified = {2012-04-02 14:24:09 +0100},
	Title = {Fixed point and bregman iterative methods for matrix rank minimization}}

@article{linchen,
	Author = {Lin, Z. and Chen, M.},
	Date-Added = {2012-04-02 14:21:59 +0100},
	Date-Modified = {2012-04-02 14:22:46 +0100},
	Journal = {Preprint},
	Title = {The Augmented Lagrange Multiplier Method for Exact Recovery of Corrupted Low-Rank Matrices}}

@article{keshmon10,
	Author = {Keshavan, R. H. and Montanari, A. and Oh, S.},
	Date-Added = {2012-04-02 14:20:40 +0100},
	Date-Modified = {2012-04-02 14:21:38 +0100},
	Journal = {IEEE Trans. Inf. Theor.},
	Title = {Matrix completion from a few entries},
	Year = {2010}}

@article{caican08,
	Author = {Cai, J. -F. and Candes, E. and Shen, Z.},
	Date-Added = {2012-04-02 14:19:18 +0100},
	Date-Modified = {2012-04-02 14:20:22 +0100},
	Journal = {SIAM J. on Optimization},
	Title = {A singular value thresholding algorithm for matrix completion},
	Year = {2008}}

@article{balnow10,
	Author = {Balzano, L. and Nowak, R. and Recht, B.},
	Date-Added = {2012-04-02 14:17:11 +0100},
	Date-Modified = {2012-04-02 14:18:20 +0100},
	Journal = {In Proceedings of the 48th Annual Allerton Conference},
	Title = {Online identification and tracking of subspaces from highly incomplete information},
	Year = {2010}}

@article{aguxav08,
	Author = {Aguiar, P. and Xavier, J. and Stosic, M.},
	Date-Added = {2012-04-02 14:16:16 +0100},
	Date-Modified = {2012-04-02 14:16:57 +0100},
	Journal = {CVPR},
	Title = {Spectrally optimal factorization of incomplete matrices},
	Year = {2008}}

@article{magold,
	Author = {Ma, S. and Goldfarb, D. and Chen, L.},
	Date-Added = {2012-04-02 14:11:14 +0100},
	Date-Modified = {2012-04-02 14:13:08 +0100},
	Journal = {Mathematical Programming},
	Title = {Fixed point and bregman iterative methods for matrix rank minimization}}

@article{candes08,
	Author = {Candes, E. and Recht, B.},
	Date-Added = {2012-04-02 14:10:19 +0100},
	Date-Modified = {2012-04-02 14:10:54 +0100},
	Journal = {Allerton},
	Title = {Exact low-rank matrix completion via convex optimization},
	Year = {2008}}

@article{golzhu10,
	Author = {Goldberg, A. B. and Zhu, X. and Recht, B. and ming Xu, J. and Nowak, R.},
	Date-Added = {2012-04-02 14:08:36 +0100},
	Date-Modified = {2012-04-02 14:09:54 +0100},
	Journal = {NIPS},
	Title = {Transduction with matrix completion: Three birds with one stone},
	Year = {2010}}

@article{texton06,
	Author = {Shotton, J. and Winn, J. and Rother, C. and Criminisi, A.},
	Date-Added = {2012-04-02 14:06:33 +0100},
	Date-Modified = {2012-04-02 14:07:03 +0100},
	Journal = {ECCV},
	Title = {TextonBoost: Joint Appearance, Shape and Context Modeling for Multi-Class Object Recognition and Segmentation},
	Year = {2006}}

@article{rusziss06,
	Author = {Russell, B. and Efros, A. and Sivic, J. and Freeman, W. T. and Zisserman, A.},
	Date-Added = {2012-04-02 14:00:01 +0100},
	Date-Modified = {2012-04-02 14:01:09 +0100},
	Journal = {CVPR},
	Title = {Using Multiple Segmentations to Discover Objects and their Extent in Image Collections},
	Year = {2006}}

@article{graudar06,
	Author = {Grauman, K. and Darrell, T.},
	Date-Added = {2012-04-02 13:58:06 +0100},
	Date-Modified = {2012-04-02 13:58:46 +0100},
	Journal = {CVPR},
	Title = {Unsupervised Learning of Categories from Sets of Partially Matching Image Features},
	Year = {2006}}

@article{fritzsch06,
	Author = {Fritz, M. and Schiele, B.},
	Date-Added = {2012-04-02 13:56:27 +0100},
	Date-Modified = {2012-04-02 13:57:20 +0100},
	Journal = {DAGM},
	Title = {Towards Unsupervised Discovery of Visual Categories},
	Year = {2006}}

@article{jurferr07,
	Author = {Ferrari, V. and Jurie, F. and Schmid, C.},
	Date-Added = {2012-04-02 13:51:59 +0100},
	Date-Modified = {2012-04-02 13:52:45 +0100},
	Journal = {CVPR},
	Title = {Accurate Object Detection with Deformable Shape Models Learnt from Images},
	Year = {2007}}

@article{torre11,
	Author = {Cabral, R. S. and De la Torre, F. and Costeira, J. P. and Bernardino, A.},
	Date-Added = {2012-04-02 13:49:12 +0100},
	Date-Modified = {2012-04-02 13:50:31 +0100},
	Journal = {NIPS},
	Title = {Matrix Completion for Multi-label Image Classification},
	Year = {2011}}

@article{zhozha06,
	Author = {Zha, Z.-j. and Zhang, M.},
	Date-Added = {2012-04-02 13:47:08 +0100},
	Date-Modified = {2012-04-02 13:47:54 +0100},
	Journal = {NIPS},
	Title = {Multi-instance multi-label learning with application to scene classification},
	Year = {2006}}

@article{zhahua08,
	Author = {Zha, Z.-j. and Hua, X. -s. and Mei, T. and Wang, J and Zengfu, Q. G. -j.},
	Date-Added = {2012-04-02 13:44:41 +0100},
	Date-Modified = {2012-04-02 13:46:27 +0100},
	Journal = {CVPR},
	Title = {Joint multi-label multi-instance learning for image classification},
	Year = {2008}}

@article{yandon06,
	Author = {Yang, C. and Dong, M. and Hua, J.},
	Date-Added = {2012-04-02 13:43:09 +0100},
	Date-Modified = {2012-04-02 13:44:22 +0100},
	Journal = {CVPR},
	Title = {Region-based image annotation using asymmetrical support vector machine-based multiple-instance learning},
	Year = {2006}}

@article{wandin10,
	Author = {Wang, H. and Ding, C. and Huang, H.},
	Date-Added = {2012-04-02 13:41:16 +0100},
	Date-Modified = {2012-04-02 13:42:35 +0100},
	Journal = {ECCV},
	Title = {Multi-label linear discriminant analysis},
	Year = {2010}}

@article{vijagrau09,
	Author = {Vijayanarasimhan, S. and Grauman, K.},
	Date-Added = {2012-04-02 13:39:58 +0100},
	Date-Modified = {2012-04-02 13:41:02 +0100},
	Journal = {CVPR},
	Title = {What's it going to cost you?: Predicting effort vs. informativeness for multi-label image annotations},
	Year = {2009}}

@article{ngutorr09,
	Author = {Nguyen, M. H. and Torresani, L. and De la Torre, F. and Rother, C.},
	Date-Added = {2012-04-02 13:34:42 +0100},
	Date-Modified = {2012-04-02 13:39:37 +0100},
	Journal = {ICCV},
	Title = {Weakly supervised discriminative localization and classification: a joint learning process},
	Year = {2009}}

@article{lavman03,
	Author = {Lavrenko, V. and Manmatha, R. and Jeon, J.},
	Date-Added = {2012-04-02 13:31:58 +0100},
	Date-Modified = {2012-04-02 13:34:20 +0100},
	Journal = {NIPS},
	Title = {A model for learning the semantics of pictures},
	Year = {2003}}

@article{zhamar07,
	Author = {Zhang, J. and Marszaek, M. and Lazenbnik, S. and Schmid, C.},
	Date-Added = {2012-04-02 13:26:26 +0100},
	Date-Modified = {2012-04-02 13:27:37 +0100},
	Journal = {ICCV},
	Title = {Local Features and Kernels for Classification of Texture and Object Categories: A Comprehensive Study},
	Year = {2007}}

@article{csudan04,
	Author = {Csurka, G. and Dance, C and Fan, L. and Willamowski, J. and Bray, C.},
	Date-Added = {2012-04-02 13:24:12 +0100},
	Date-Modified = {2012-04-02 13:25:48 +0100},
	Journal = {Statistical Learning in Computer Vision - workshop in conjuction with European Conference in Computer Vision},
	Title = {Visual Categorization with Bags of Keypoints},
	Year = {2004}}

@article{ferrtuy07,
	Author = {Ferrari, V. and Fevrier, L. and Jurie, F. and Schmid, C.},
	Date-Added = {2012-04-02 13:22:46 +0100},
	Date-Modified = {2012-04-02 13:23:44 +0100},
	Journal = {PAMI},
	Title = {Groups of Adjacent Contour Segments for Object Detection},
	Year = {2007}}

@article{pascalch06,
	Author = {Everingham, M. and Zisserman, A. and Williams, C. and Van-Gool, L.},
	Date-Added = {2012-04-02 13:20:09 +0100},
	Date-Modified = {2012-04-02 13:21:31 +0100},
	Journal = {VOC},
	Title = {The PASCAL Visual Object Classes Challenge},
	Year = {2006}}

@article{mancre06,
	Author = {Manay, S. and Cremers, D. and Hong, B. W. and Yezzi, A. J. Jr. and Soatto, S.},
	Date-Added = {2012-04-02 13:15:38 +0100},
	Date-Modified = {2012-04-02 13:16:59 +0100},
	Journal = {PAMI},
	Title = {Integral invariants for shape matching},
	Year = {2006}}

@article{holwell93,
	Author = {Huttenlocher, D. and Klanderman, G. A. and Rucklidge, W. J.},
	Date-Added = {2012-04-02 13:11:21 +0100},
	Date-Modified = {2012-04-02 13:12:58 +0100},
	Journal = {PAMI},
	Title = {Comparing images using the Hausdorff distance},
	Year = {1993}}

@article{eladkimm03,
	Author = {Elad, A. and Kimmel, R.},
	Date-Added = {2012-04-02 13:06:33 +0100},
	Date-Modified = {2012-04-02 13:07:25 +0100},
	Journal = {PAMI},
	Title = {On bending invariant signatures for surfaces},
	Year = {2003}}

@article{boukemp04,
	Author = {Boutin, M. and Kemper, G.},
	Date-Added = {2012-04-02 13:03:47 +0100},
	Date-Modified = {2012-04-02 13:04:50 +0100},
	Journal = {Adv. Appl. Math.},
	Title = {On reconstructing n-point configurations from the distribution of distances or areas},
	Year = {2004}}

@article{marsch07,
	Author = {Marszalek, M. and Schmid, C.},
	Date-Added = {2012-04-02 13:01:58 +0100},
	Date-Modified = {2012-04-02 13:02:38 +0100},
	Journal = {CVPR},
	Title = {Accurate Object Localization with Shape Masks},
	Year = {2007}}

@article{mobema01,
	Author = {Mori, G. and Belongie, S. and Malik, J.},
	Date-Added = {2012-04-02 12:58:19 +0100},
	Date-Modified = {2012-04-02 12:58:58 +0100},
	Journal = {CVPR},
	Title = {Shape contexts enable efcient retrieval of similar shapes},
	Year = {2001}}

@article{bemapu01,
	Author = {Belongie, S. and Malik, J. and Puzicha, J.},
	Date-Added = {2012-04-02 12:57:01 +0100},
	Date-Modified = {2012-04-02 12:57:45 +0100},
	Journal = {ICCV},
	Title = {Matching shapes},
	Year = {2001}}

@article{bergmalik01,
	Author = {Berg, A. C. and Malik, J.},
	Date-Added = {2012-04-02 12:55:45 +0100},
	Date-Modified = {2012-04-02 12:56:29 +0100},
	Journal = {CVPR},
	Title = {Geometric blur for template matching},
	Year = {2001}}

@article{schmoh97,
	Author = {Schmid, C. and Mohr, R.},
	Date-Added = {2012-04-02 12:54:20 +0100},
	Date-Modified = {2012-04-02 12:55:06 +0100},
	Journal = {PAMI},
	Title = {Local grayvalue invariants for image retrieval},
	Year = {1997}}

@article{mikosch03,
	Author = {Mikolajczyk, K. and Schmid, C.},
	Date-Added = {2012-04-02 12:53:05 +0100},
	Date-Modified = {2012-04-02 12:53:51 +0100},
	Journal = {CVPR},
	Title = {A performance evaluation of local descriptors},
	Year = {2003}}

@article{lebupe95,
	Author = {Leung, T. and Burl, M. and Perona, P.},
	Date-Added = {2012-04-02 12:50:29 +0100},
	Date-Modified = {2012-04-02 12:51:30 +0100},
	Journal = {ICCV},
	Title = {Finding faces in cluttered scenes using random labeled graph matching},
	Year = {1995}}

@article{thompson17,
	Author = {Thompson, D. W.},
	Date-Added = {2012-04-02 12:46:31 +0100},
	Date-Modified = {2012-04-02 12:47:20 +0100},
	Journal = {Dover},
	Title = {On Growth and Form},
	Year = {1917}}

@article{ladvor93,
	Author = {Lades, M. and VorbrÂ¨uggen, C. and Buhmann, J. and Lange, J. and von der Malsburg, C. and Wurtz, R. and Konen, W.},
	Date-Added = {2012-04-02 12:43:44 +0100},
	Date-Modified = {2012-04-02 12:46:11 +0100},
	Journal = {Trans. Computers},
	Title = {Distortion invariant object recognition in the dynamic link architecture},
	Year = {1993}}

@article{grencho91,
	Author = {Grenander, U. and Chow, Y. and Keenan, D.},
	Date-Added = {2012-04-02 12:42:17 +0100},
	Date-Modified = {2012-04-02 12:43:21 +0100},
	Journal = {Springer},
	Title = {A Pattern Theoretic Study Of Biological Shapes},
	Year = {1991}}

@article{tuchen03,
	Author = {Tu, Z. and Chen, X. and Yuille, A. L. and Zhu, S. C.},
	Date-Added = {2012-04-02 12:38:26 +0100},
	Date-Modified = {2012-04-02 12:39:25 +0100},
	Journal = {ICCV},
	Title = {Image parsing: unifying segmentation, detection, and recognition},
	Year = {2003}}

@article{hezem04,
	Author = {He, X. and Zemel, R. S. and Carreira-Perpinan, M. A.},
	Date-Added = {2012-04-02 12:36:43 +0100},
	Date-Modified = {2012-04-02 12:37:44 +0100},
	Journal = {CVPR},
	Title = {Multiscale conditional random fields for image labeling},
	Year = {2004}}

@article{winjoj05,
	Author = {Winn, J. and Jojic, N.},
	Date-Added = {2012-04-02 12:34:32 +0100},
	Date-Modified = {2012-04-02 12:35:32 +0100},
	Journal = {ICCV},
	Title = {LOCUS: Learning Object Classes with Unsupervised Segmentation},
	Year = {2005}}

@article{renfow06,
	Author = {Ren, X. and Fowlkes, C. and Malik, J.},
	Date-Added = {2012-04-02 12:33:15 +0100},
	Date-Modified = {2012-04-02 12:34:11 +0100},
	Journal = {ECCV},
	Title = {Figure/ ground assignment in natural images},
	Year = {2006}}

@article{leisch03,
	Author = {Leibe, B. and Schiele, B.},
	Date-Added = {2012-04-02 12:31:57 +0100},
	Date-Modified = {2012-04-02 12:32:44 +0100},
	Journal = {BMVC},
	Title = {Interleaved object categorization and segmentation},
	Year = {2003}}

@article{kumhebr03,
	Author = {Kumar, S. and Hebert, M.},
	Date-Added = {2012-04-02 12:30:35 +0100},
	Date-Modified = {2012-04-02 12:31:32 +0100},
	Journal = {ICCV},
	Title = {Discriminative random fields: A discriminative framework for contextual interaction in classification},
	Year = {2003}}

@article{torrziss05,
	Author = {Kumar, M. P. and Torr, P. H. S. and Zisserman, A.},
	Date-Added = {2012-04-02 12:28:41 +0100},
	Date-Modified = {2012-04-02 12:30:08 +0100},
	Journal = {CVPR},
	Title = {OBJ CUT},
	Year = {2005}}

@article{konyui00,
	Author = {Konishi, S. and Yuille, A. L.},
	Date-Added = {2012-04-02 12:26:21 +0100},
	Date-Modified = {2012-04-02 12:27:13 +0100},
	Journal = {CVPR},
	Title = {Statistical cues for domain specific image segmentation with performance analysis},
	Year = {2000}}

@article{hezera06,
	Author = {He, X. and Zemel, R. S. and Ray, D.},
	Date-Added = {2012-04-02 12:24:52 +0100},
	Date-Modified = {2012-04-02 12:25:44 +0100},
	Journal = {ECCV},
	Title = {Learning and incorporating top-down cues in image segmentation},
	Year = {2006}}

@article{duybar02,
	Author = {Duygulu, P. and Barnard, K. and de Freitas, N. and Forsyth, D.},
	Date-Added = {2012-04-02 12:23:02 +0100},
	Date-Modified = {2012-04-02 12:24:30 +0100},
	Journal = {ECCV},
	Title = {Object recognition as machine translation:Learning a lexicon for a fixed image vocabulary},
	Year = {2002}}

@article{Wolfhuang06,
	Author = {Wolf, L. and Huang, X. and Martin, I. and Metaxas, D.},
	Date-Added = {2012-04-02 12:20:32 +0100},
	Date-Modified = {2012-04-02 12:21:37 +0100},
	Journal = {ECCV},
	Title = {Patch-based texture edges and segmentation},
	Year = {2006}}

@article{viol95,
	Author = {Viola, P. and Wells, W. M. III.},
	Date-Added = {2012-04-02 12:18:03 +0100},
	Date-Modified = {2012-04-02 12:19:55 +0100},
	Journal = {ICCV},
	Title = {Alignment by maximization of mutual information},
	Year = {1995}}

@article{stau01,
	Author = {Stauffer, E. and Irani, M.},
	Date-Added = {2012-04-02 12:16:48 +0100},
	Date-Modified = {2012-04-02 12:17:43 +0100},
	Journal = {CVPR},
	Title = {Similarity templates for detection and recognition},
	Year = {2001}}

@article{haralick73,
	Author = {Haralick, R. and Shanmugam, K. and Dinstein, I.},
	Date-Added = {2012-04-02 12:15:06 +0100},
	Date-Modified = {2012-04-02 12:16:34 +0100},
	Journal = {IEEE T-SMC},
	Title = {Textural features for image classification},
	Year = {1973}}

@article{caspi04,
	Author = {Jojic, N. and Caspi, Y.},
	Date-Added = {2012-04-02 12:13:32 +0100},
	Date-Modified = {2012-04-02 12:14:19 +0100},
	Journal = {CVPR},
	Title = {Capturing image structure with probabilistic index maps},
	Year = {2004}}

@article{desfer10,
	Author = {Deselaers, T. and Ferrari, V.},
	Date-Added = {2012-04-02 12:10:26 +0100},
	Date-Modified = {2012-04-02 12:11:49 +0100},
	Journal = {CVPR},
	Title = {Global and Efficient Self-Similarity for Object Classification and Detection},
	Year = {2010}}

@article{junejo08,
	Author = {Junejo, I. N. and Dexter, E. and Laptev, I. and Perez, P.},
	Date-Added = {2012-04-02 12:08:29 +0100},
	Date-Modified = {2012-04-02 12:09:43 +0100},
	Journal = {ECCV},
	Title = {Cross-view action recognition from temporal self-similarities},
	Year = {2008}}

@article{vedziss09,
	Author = {Vedaldi, A. and Gulshan, V. and Varma, M. and Zisserman, A.},
	Date-Added = {2012-04-02 12:06:45 +0100},
	Date-Modified = {2012-04-02 12:07:53 +0100},
	Journal = {ICCV},
	Title = {Multiple kernels for object detection},
	Year = {2009}}

@article{lamp09,
	Author = {Lampert, C. H. and Nickisch and Harmeling, S.},
	Date-Added = {2012-04-02 12:05:27 +0100},
	Date-Modified = {2012-04-02 12:06:25 +0100},
	Journal = {CVPR},
	Title = {Learning to detect unseen object classes by between-class attribute transfer},
	Year = {2009}}

@article{horst08,
	Author = {Horster, E. and Lienhart, R.},
	Date-Added = {2012-04-02 12:03:45 +0100},
	Date-Modified = {2012-04-02 12:05:06 +0100},
	Journal = {ACM Multimedia},
	Title = {Deep networks for image retrieval on large-scale databases},
	Year = {2008}}

@article{chatf09,
	Author = {Chatfield, K. and Philbin, J and Zisserman, A.},
	Date-Added = {2012-04-02 12:02:04 +0100},
	Date-Modified = {2012-04-02 12:03:15 +0100},
	Journal = {NORDIA Workshop, ICCV},
	Title = {Efficient retrieval of deformable shape classes using local self-similarities},
	Year = {2009}}

@article{Schiele00,
	Author = {Schiele, B. and Crowley, J. L.},
	Date-Added = {2012-04-02 11:59:22 +0100},
	Date-Modified = {2012-04-02 12:00:10 +0100},
	Journal = {IJCV},
	Title = {Recognition without correspondence using multidimensional receptive field histograms},
	Year = {2000}}

@article{belong99,
	Author = {Malik, J. and Belongie, S. and Shi, J and Leung, T. K.},
	Date-Added = {2012-04-02 11:58:00 +0100},
	Date-Modified = {2012-04-02 11:59:02 +0100},
	Journal = {ICCV},
	Title = {Textons, contours and regions: Cue integration in image segmentation},
	Year = {1999}}

@article{schecht07,
	Author = {Shechtman, E. and Irani, M.},
	Date-Added = {2012-04-02 11:55:28 +0100},
	Date-Modified = {2012-04-02 11:56:19 +0100},
	Journal = {CVPR},
	Title = {Matching local self-similarities across images and videos},
	Year = {2007}}

@article{liuletters12,
	Author = {Liu, J. and Zeng, G. and Fan, J.},
	Date-Added = {2012-04-02 11:52:03 +0100},
	Date-Modified = {2012-04-02 11:53:04 +0100},
	Journal = {Pattern Recognition Letters},
	Title = {Fast Local Self-Similarity for describing interest regions},
	Year = {2012}}

@article{shekho08,
	Author = {Shekhovtsov, A. and Kovtun, I and Hlavac, V.},
	Date-Added = {2012-04-02 11:37:51 +0100},
	Date-Modified = {2012-04-02 11:38:57 +0100},
	Journal = {CVIU},
	Title = {Efficient MRF deformation model for non-rigid image matching},
	Year = {2008}}

@article{leord05,
	Author = {Leordeanu, M. and Hebert, M.},
	Date-Added = {2012-04-02 11:34:03 +0100},
	Date-Modified = {2012-04-02 11:35:05 +0100},
	Journal = {ICCV},
	Title = {A spectral technique for for correspondance problems using pairwise constraints},
	Year = {2005}}

@article{kimgk10,
	Author = {Kim, J. and Grauman, K.},
	Date-Added = {2012-04-02 11:32:02 +0100},
	Date-Modified = {2012-04-02 11:33:17 +0100},
	Journal = {CVPR},
	Title = {Asymmetric region-to-image matching for comparing},
	Year = {2010}}

@article{fisch73,
	Author = {Fischler, M. and Elschlager, R.},
	Date-Added = {2012-04-02 11:30:22 +0100},
	Date-Modified = {2012-04-02 11:31:31 +0100},
	Journal = {IEEE Transacations on Computers},
	Title = {The representation and matching of pictorial structures},
	Year = {1973}}

@article{perziss06,
	Author = {Fergus, R. and Perona, P. and Zisserman, A.},
	Date-Added = {2012-04-02 11:28:52 +0100},
	Date-Modified = {2012-04-02 11:29:52 +0100},
	Journal = {IJCV},
	Title = {Weakly supervised scaleinvariant learning of models for visual recognition},
	Year = {2006}}

@article{fepeziss05,
	Author = {Fergus, R. and Perona, P. and Zisserman, A.},
	Date-Added = {2012-04-02 11:26:14 +0100},
	Date-Modified = {2012-04-02 11:27:29 +0100},
	Journal = {CVPR},
	Title = {A sparse object category model for efficient learning and exhaustive recognition},
	Year = {2005}}

@article{felzen05,
	Author = {Felzenszwalb, P. and Huttenlocher, D.},
	Date-Added = {2012-04-02 11:24:03 +0100},
	Date-Modified = {2012-04-02 11:25:12 +0100},
	Journal = {IJCV},
	Title = {Pictorial structures for object recognition},
	Year = {2005}}

@article{bbmalik05,
	Author = {Berg, A. C. and Berg, T. L. and Malik, J.},
	Date-Added = {2012-04-02 11:22:42 +0100},
	Date-Modified = {2012-04-02 11:23:43 +0100},
	Journal = {CVPR},
	Title = {Shape matching and object recognition using low distortion correspondence},
	Year = {2005}}

@article{texton07,
	Author = {Shotton, J. and Winn, J. and Rother, C. and Criminisi, A.},
	Date-Added = {2012-04-02 11:17:49 +0100},
	Date-Modified = {2012-04-02 11:18:49 +0100},
	Journal = {IJCV},
	Title = {TextonBoost for Image Understanding:Multi-Class Object Recognition and Segmentation by Jointly Modeling Texture, Layout, and Context},
	Year = {2007}}

@article{wallr03,
	Author = {Wallraven, C. and Caputo, B. and Graf, A.},
	Date-Added = {2012-04-02 11:12:41 +0100},
	Date-Modified = {2012-04-02 11:13:54 +0100},
	Journal = {ICCV},
	Title = {Recognition with local features:the kernel recipe},
	Year = {2003}}

@article{caput09,
	Author = {Caputo, B. and Jie, L.},
	Date-Added = {2012-04-02 11:11:26 +0100},
	Date-Modified = {2012-04-02 11:12:18 +0100},
	Journal = {ELCVIA},
	Title = {A performance evaluation of exact and approximate match kernels for object recognition},
	Year = {2009}}

@article{ponce11,
	Author = {Duchenne, O. and Joulin, A. and Ponce, J.},
	Date-Added = {2012-04-02 11:10:05 +0100},
	Date-Modified = {2012-04-02 11:10:49 +0100},
	Journal = {ICCV},
	Title = {A Graph-Matching Kernel for Object Categorization},
	Year = {2011}}

@article{grauman07,
	Author = {Grauman, K. and Darrell, T.},
	Date-Added = {2012-04-02 11:08:22 +0100},
	Date-Modified = {2012-04-02 11:09:20 +0100},
	Journal = {CVPR},
	Title = {Pyramid Match Hashing: Sub-Linear Time Indexing Over Partial Correspondences},
	Year = {2007}}

@article{boiman08,
	Author = {Boiman, O. and Schechtman, E. and Irani, M.},
	Date-Added = {2012-04-02 11:06:26 +0100},
	Date-Modified = {2012-04-02 11:07:45 +0100},
	Journal = {CVPR},
	Title = {In defense of nearestneighbor based image classification},
	Year = {2008}}

@article{crandall06,
	Author = {Crandall, P. and Huttenlocher, D.},
	Date-Added = {2012-04-02 11:04:15 +0100},
	Date-Modified = {2012-04-02 11:05:39 +0100},
	Journal = {ECCV},
	Title = {Weakly Supervised Learning of Part-Based Spatial Models for Visual Object Recognition},
	Year = {2006}}

@article{feifei04,
	Author = {Fei-Fei, L. and Fergus, R. and Perona, P.},
	Date-Added = {2012-04-02 11:02:27 +0100},
	Date-Modified = {2012-04-02 11:03:27 +0100},
	Journal = {CVPR},
	Title = {Learning generative visual models from few training examples: an incremental bayesian approach tested on 101 object categories},
	Year = {2004}}

@article{feifei03,
	Author = {Fei-Fei, L. and Fergus, R. and Perona, P.},
	Date-Added = {2012-04-02 11:00:56 +0100},
	Date-Modified = {2012-04-02 11:01:49 +0100},
	Journal = {ICCV},
	Title = {A bayesian approach to unsupervised one-shot learning of object categories},
	Year = {2003}}

@article{fegus03,
	Author = {Fergus, R. and Perona, P. and Zisserman, A.},
	Date-Added = {2012-04-02 10:58:06 +0100},
	Date-Modified = {2012-04-02 10:59:13 +0100},
	Journal = {CVPR},
	Title = {Object class recognition by unsupervised scale-invariant learning},
	Year = {2003}}

@article{zhang07,
	Author = {Zhang, J. and Marszalek, M. and Lazenbnik, S. and Schmid, C.},
	Date-Added = {2012-04-02 10:55:45 +0100},
	Date-Modified = {2012-04-02 10:56:49 +0100},
	Journal = {IJCV},
	Title = {Local features and kernels for classification of texture and object categories:A comprehensive study},
	Year = {2007}}

@article{yang10,
	Author = {Yang, J. and Yu, K. and Huang, T.},
	Date-Added = {2012-04-02 10:54:29 +0100},
	Date-Modified = {2012-04-02 10:55:24 +0100},
	Journal = {ECCV},
	Title = {Efficient highly over-complete sparse coding using a mixture model.},
	Year = {2010}}

@article{lazeb06,
	Author = {Lazenbnik, S. and Schmid, C. and Ponce, J.},
	Date-Added = {2012-04-02 10:52:52 +0100},
	Date-Modified = {2012-04-02 10:54:09 +0100},
	Journal = {CVPR},
	Title = {Beyond bags of features:Spatial pyramid matching for recognizing natural scene categories},
	Year = {2006}}

@article{liu08,
	Author = {Liu, C. and Yuen, J. and Torralba, A. and Sivic, J. and Freeman, W. T.},
	Date-Added = {2012-04-02 10:50:11 +0100},
	Date-Modified = {2012-04-02 10:52:04 +0100},
	Journal = {ECCV},
	Title = {Sift flow:Dense correspondence across different scenes},
	Year = {2008}}

@ARTICLE{felzenswalbGMR10, 
author={Felzenszwalb, P.F. and Girshick, R.B. and McAllester, D. and Ramanan, D.}, 
journal={Pattern Analysis and Machine Intelligence, IEEE Transactions on}, title={Object Detection with Discriminatively Trained Part-Based Models}, 
year={2010}, 
volume={32}, 
number={9}, 
pages={1627-1645}}

@article{felzen08,
	Author = {Felzenszwalb, P. F. and Girshick, R. B. and McAllester, D. and Ramanan, D.},
	Date-Added = {2012-04-02 10:48:27 +0100},
	Date-Modified = {2012-04-02 10:49:40 +0100},
	Journal = {CVPR},
	Title = {Object detection with discriminatively trained part based models.},
	Year = {2008}}

@article{dalal05,
	Author = {Dalal, N. and Triggs, B.},
	Date-Added = {2012-04-02 10:46:46 +0100},
	Date-Modified = {2012-04-02 10:47:51 +0100},
	Journal = {CVPR},
	Title = {Histograms of oriented gradients for human detection},
	Year = {2005}}

@article{csurka04,
	Author = {Csurka, G. and Bray, C. and Dance, C and Fan, L.},
	Date-Added = {2012-04-02 10:44:41 +0100},
	Date-Modified = {2012-04-02 10:46:24 +0100},
	Journal = {ECCV Workshop},
	Title = {Visual categorization with bags of keypoints},
	Year = {2004}}

@article{bour10,
	Author = {Boureau, Y. and Bach, F. and LeCun, Y. and Ponce. J},
	Date-Added = {2012-04-02 10:41:13 +0100},
	Date-Modified = {2012-04-02 10:44:09 +0100},
	Journal = {CVPR},
	Title = {Learning mid-level features for recognition},
	Year = {2010}}

@article{misch02,
	Author = {Mikolajczyk, K. and Schmid, C.},
	Date-Added = {2012-04-02 10:36:35 +0100},
	Date-Modified = {2012-04-02 10:39:36 +0100},
	Journal = {ECCV},
	Title = {An affine invariant interest point detector.},
	Year = {2002}}

@article{miko05,
	Author = {Mikolajczyk, K. and Leibe, B. and Schiele, B.},
	Date-Added = {2012-04-02 10:31:14 +0100},
	Date-Modified = {2012-04-02 10:33:52 +0100},
	Journal = {ICCV},
	Title = {Local Features for Object Class Recognition},
	Year = {2005}}

@article{lowe04,
	Author = {D. Lowe},
	Date-Added = {2012-04-02 10:27:14 +0100},
	Date-Modified = {2012-04-02 10:28:13 +0100},
	Journal = {IJCV},
	Title = {Distinctive image features from scale-invariant keypoints.},
	Year = {2004}}

@article{jsaz03,
	Author = {J. Sivic and A. Zisserman},
	Date-Added = {2012-04-02 10:17:48 +0100},
	Date-Modified = {2012-04-02 10:20:21 +0100},
	Journal = {ICCV},
	Title = {Video Google: A text retrieval approach to object matching in videos},
	Year = {2003}}

@inproceedings{VogiatzisPC05,
	Author = {George Vogiatzis and Paolo Favaro and Roberto Cipolla},
	Booktitle = {Proc. IEEE International Conference on Computer Vision},
	Pages = {228--235},
	Title = {Using Frontier Points to Recover Shape, Reflectance and Illumunation},
	Volume = {1},
	Year = {2005}}

@inbook{reproducibleresearch,
	Author = {Buckheit, J.B. and Donoho, D.L.},
	Chapter = {WaveLab and reproducible research},
	Pages = {53--81},
	Publisher = {Springer Berlin},
	Title = {Wavelets and Statistics, A. Antoniadis, G. Oppenheim (Eds.)},
	Year = {1995}}

@book{favaroS06,
	Author = {P.~Favaro and S.~Soatto},
	Publisher = {Springer-Verlag},
	Title = {3-d shape reconstruction and image restoration: exploiting defocus and motion-blur.},
	Year = {2006}}

@book{kay93,
	Author = {S. M. Kay},
	Publisher = {Prentice Hall},
	Title = {Fundamentals of Statistical Signal Processing, Volume I: Estimation Theory.},
	Year = {1993}}

@book{AGS05,
	Author = {L. Ambrosio and N. Gigli and G. Savare},
	Publisher = {Birkhaeuser, Basel},
	Title = {Gradient Flows in Metric Spaces and in the Space of Probability Measures.},
	Year = {2005}}

@article{kolmogorovZ04,
	Author = {V. Kolmogorov and R. Zabih},
	Journal = {IEEE Trans. Pattern Anal. Mach. Intell.},
	Number = {2},
	Pages = {147-159},
	Title = {What Energy Functions Can Be Minimizedvia Graph Cuts?.},
	Volume = {26},
	Year = {2004}}

@inproceedings{tsai04,
	Author = {Y.-H. R. Tsai and L.-T. Cheng and S. Osher and P. Burchard and G. Sapiro},
	Booktitle = {Journal of Computational Physics},
	Pages = {260-90},
	Title = {Visibility and its dynamics in a PDE based implicit framework.},
	Volume = {199},
	Year = {2004 (1)}}

@book{BerteroB98,
	Author = {M.~Bertero and P.~Boccacci},
	Publisher = {Institute of Physics Publications},
	Title = {Introduction to Inverse Problems in Imaging.},
	Year = {1998}}

@inproceedings{ng05,
	Author = {R. Ng and M. Levoy and M. Br\`{e}dif and G. Duval and M. Horowitz and P. Hanrahan},
	Booktitle = {Stanford Tech Report CTSR 2005-02},
	Title = {Light Field Photography with a Hand-held Plenoptic Camera.},
	Year = {2005}}

@inproceedings{hasinoff06,
	Author = {S. W. Hasinoff and K. N. Kutulakos},
	Booktitle = {ECCV},
	Pages = {620-34},
	Title = {Confocal Stereo.},
	Year = {2006}}

@inproceedings{favaroMarvels,
	Author = {P. Favaro and S. Soatto},
	Booktitle = {CVPR (2)},
	Pages = {579-586},
	Title = {Seeing Beyond Occlusions (and other marvels of a finite lens aperture).},
	Year = {2003}}

@article{levoy04,
	Author = {M. Levoy and B. Chen and V. Vaish and M. Horowitz and I. McDowall and M. T. Bolas},
	Journal = {ACM Trans. Graph.},
	Number = {3},
	Pages = {825-834},
	Title = {Synthetic aperture confocal imaging.},
	Volume = {23},
	Year = {2004}}

@article{chaudhuribook,
	Author = {S. Chaudhuri and A. N. Rajagopalan},
	Journal = {Springer-Verlag},
	Title = {Depth from defocus: a real aperture imaging approach},
	Year = {1999}}

@article{yoav00,
	Author = {Y. Y. Schechner and N. Kiryati},
	Journal = {International Journal of Computer Vision},
	Number = {2},
	Pages = {141-162},
	Title = {Depth from Defocus vs. Stereo: How Different Really Are They?},
	Volume = {39},
	Year = {2000}}

@book{forsythpbook,
	Author = {Forsyth, D. A. and Ponce, J.},
	Publisher = {Prentice Hall},
	Title = {Computer Vision: A Modern Approach},
	Year = {2002}}

@book{Weickert98,
	Author = {J. Weickert},
	Publisher = {B.G.Teubner Stuttgart},
	Title = {Anisotropic Diffusion in Image Processing},
	Year = 1998}

@inproceedings{favaroTR03anisdiff,
	Author = {Favaro, P. and Osher, S. and Soatto, S. and Vese, L.},
	Booktitle = {Technical Report CSD-TR020042, Computer Science Department, UCLA},
	Title = {3D Shape from Anisotropic Diffusion},
	Year = {January 2003}}

@inproceedings{JinF02,
	Author = {H. Jin and P. Favaro},
	Booktitle = {{ECCV} (2)},
	Pages = {18-30},
	Title = {A Variational Approach to Shape from Defocus},
	Year = {2002}}

@inproceedings{Jarvis83,
	Author = {R. A. Jarvis},
	Booktitle = {IEEE Trans. on Pattern Analysis and Machine Intelligence},
	Pages = {122:139},
	Title = {A perspective on range finding techniques for computer vision.},
	Volume = {2},
	Year = {March 1983}}

@inproceedings{Sub88,
	Author = {M. Subbarao},
	Booktitle = {Proc. IEEE Int. Conf. on Computer Vision},
	Pages = {149:55},
	Title = {Parallel Depth Recovery by Changing Camera Parameters},
	Year = {Florida, USA, 1988}}

@inproceedings{You95,
	Author = {Y.L. You and M. Kaveh},
	Booktitle = {Proc. IEEE Int. Conf. on Acoustic Speech and Signal Processing},
	Pages = {2607:2610},
	Title = {A Regularization Approach to Blind restoration of Images Degraded by Shift-variant Blurs},
	Year = {Michigan, USA, 1995}}

@inproceedings{WatanabeN95,
	Author = {M. Watanabe and S.K. Nayar},
	Booktitle = {Technical Report CUCS-026-95},
	Pages = {Dept. of Computer Science, Columbia University},
	Title = {Telecentric Optics for Constant Magnification Imaging},
	Year = {New York, USA, 1995}}

@book{sethianbook,
	Author = {J. Sethian},
	Publisher = {Cambridge University Press},
	Title = {Level Set Methods: Evolving Interfaces in Geometry, Fluid Mechanics, Computer Vision, and Material Science},
	Year = 1996}

@article{Chaudhuri01,
	Author = {D. Rajan and S. Chaudhuri},
	Journal = {Proceedings Eighth IEEE International Conference on Computer Vision},
	Pages = {113-18},
	Title = {Simultaneous Estimation of Super-resolved Intensity and Depth Maps from low Resolution Defocused Observations of a Scene},
	Volume = {1},
	Year = {2001}}

@article{Chaudhuri97,
	Author = {A.N. Rajagopalan and S. Chaudhuri},
	Journal = {IEEE Transactions on Pattern Analysis and Machine Intelligence},
	Pages = {1158-64},
	Title = {A variational approach to recovering depth from defocused images},
	Volume = {19, (no.10)},
	Year = {October 1997}}


@article{dosovitskiy2015discriminative,
  title={Discriminative unsupervised feature learning with exemplar convolutional neural networks},
  author={Dosovitskiy, Alexey and Fischer, Philipp and Springenberg, Jost Tobias and Riedmiller, Martin and Brox, Thomas},
  journal={IEEE transactions on pattern analysis and machine intelligence},
  volume={38},
  number={9},
  pages={1734--1747},
  year={2015},
  publisher={IEEE}
}

@inproceedings{wu2018unsupervised,
  title={Unsupervised feature learning via non-parametric instance discrimination},
  author={Wu, Zhirong and Xiong, Yuanjun and Yu, Stella X and Lin, Dahua},
  booktitle={Proceedings of the IEEE Conference on Computer Vision and Pattern Recognition},
  pages={3733--3742},
  year={2018}
}

@inproceedings{he2020momentum,
  title={Momentum contrast for unsupervised visual representation learning},
  author={He, Kaiming and Fan, Haoqi and Wu, Yuxin and Xie, Saining and Girshick, Ross},
  booktitle={Proceedings of the IEEE/CVF Conference on Computer Vision and Pattern Recognition},
  pages={9729--9738},
  year={2020}
}

@inproceedings{chen2020simple,
  title={A simple framework for contrastive learning of visual representations},
  author={Chen, Ting and Kornblith, Simon and Norouzi, Mohammad and Hinton, Geoffrey},
  booktitle={International conference on machine learning},
  pages={1597--1607},
  year={2020},
  organization={PMLR}
}

@article{grill2020bootstrap,
  title={Bootstrap your own latent: A new approach to self-supervised learning},
  author={Grill, Jean-Bastien and Strub, Florian and Altch{\'e}, Florent and Tallec, Corentin and Richemond, Pierre H and Buchatskaya, Elena and Doersch, Carl and Pires, Bernardo Avila and Guo, Zhaohan Daniel and Azar, Mohammad Gheshlaghi and others},
  journal={arXiv preprint arXiv:2006.07733},
  year={2020}
}

@article{chen2020exploring,
  title={Exploring Simple Siamese Representation Learning},
  author={Chen, Xinlei and He, Kaiming},
  journal={arXiv preprint arXiv:2011.10566},
  year={2020}
}

@article{caron2020unsupervised,
  title={Unsupervised learning of visual features by contrasting cluster assignments},
  author={Caron, Mathilde and Misra, Ishan and Mairal, Julien and Goyal, Priya and Bojanowski, Piotr and Joulin, Armand},
  journal={arXiv preprint arXiv:2006.09882},
  year={2020}
}

@article{wang2020unsupervised,
  title={Unsupervised Feature Learning by Cross-Level Discrimination between Instances and Groups},
  author={Wang, Xudong and Liu, Ziwei and Yu, Stella X},
  journal={arXiv preprint arXiv:2008.03813},
  year={2020}
}

@article{dave2021tclr,
  title={TCLR: Temporal Contrastive Learning for Video Representation},
  author={Dave, Ishan and Gupta, Rohit and Rizve, Mamshad Nayeem and Shah, Mubarak},
  journal={arXiv preprint arXiv:2101.07974},
  year={2021}
}

@article{qian2020spatiotemporal,
  title={Spatiotemporal contrastive video representation learning},
  author={Qian, Rui and Meng, Tianjian and Gong, Boqing and Yang, Ming-Hsuan and Wang, Huisheng and Belongie, Serge and Cui, Yin},
  journal={arXiv preprint arXiv:2008.03800},
  year={2020}
}

@article{han2020self,
  title={Self-supervised co-training for video representation learning},
  author={Han, Tengda and Xie, Weidi and Zisserman, Andrew},
  journal={arXiv preprint arXiv:2010.09709},
  year={2020}
}

@article{bai2020can,
  title={Can Temporal Information Help with Contrastive Self-Supervised Learning?},
  author={Bai, Yutong and Fan, Haoqi and Misra, Ishan and Venkatesh, Ganesh and Lu, Yongyi and Zhou, Yuyin and Yu, Qihang and Chandra, Vikas and Yuille, Alan},
  journal={arXiv preprint arXiv:2011.13046},
  year={2020}
}

@inproceedings{wang2020self,
  title={Self-supervised video representation learning by pace prediction},
  author={Wang, Jiangliu and Jiao, Jianbo and Liu, Yun-Hui},
  booktitle={European Conference on Computer Vision},
  pages={504--521},
  year={2020},
  organization={Springer}
}

@article{tao2020self,
  title={Self-Supervised Video Representation Using Pretext-Contrastive Learning},
  author={Tao, Li and Wang, Xueting and Yamasaki, Toshihiko},
  journal={arXiv preprint arXiv:2010.15464},
  year={2020}
}

@inproceedings{miech2020end,
  title={End-to-end learning of visual representations from uncurated instructional videos},
  author={Miech, Antoine and Alayrac, Jean-Baptiste and Smaira, Lucas and Laptev, Ivan and Sivic, Josef and Zisserman, Andrew},
  booktitle={Proceedings of the IEEE/CVF Conference on Computer Vision and Pattern Recognition},
  pages={9879--9889},
  year={2020}
}

@article{afouras2020self,
  title={Self-supervised learning of audio-visual objects from video},
  author={Afouras, Triantafyllos and Owens, Andrew and Chung, Joon Son and Zisserman, Andrew},
  journal={arXiv preprint arXiv:2008.04237},
  year={2020}
}

@article{alwassel2019self,
  title={Self-supervised learning by cross-modal audio-video clustering},
  author={Alwassel, Humam and Mahajan, Dhruv and Korbar, Bruno and Torresani, Lorenzo and Ghanem, Bernard and Tran, Du},
  journal={arXiv preprint arXiv:1911.12667},
  year={2019}
}

@article{devon2020representation,
  title={Representation Learning with Video Deep InfoMax},
  author={Devon, R and others},
  journal={arXiv preprint arXiv:2007.13278},
  year={2020}
}

@article{xue2020self,
  title={Self-supervised video representation learning by maximizing mutual information},
  author={Xue, Fei and Ji, Hongbing and Zhang, Wenbo and Cao, Yi},
  journal={Signal Processing: Image Communication},
  volume={88},
  pages={115967},
  year={2020},
  publisher={Elsevier}
}

@misc{springenberg2014striving,
    title={Striving for Simplicity: The All Convolutional Net},
    author={Jost Tobias Springenberg and Alexey Dosovitskiy and Thomas Brox and Martin Riedmiller},
    year={2014},
    eprint={1412.6806},
    archivePrefix={arXiv},
    primaryClass={cs.LG}
}

@incollection{Goodfellow2014,
title = {Generative Adversarial Nets},
author = {Goodfellow, Ian and Pouget-Abadie, Jean and Mirza, Mehdi and Xu, Bing and Warde-Farley, David and Ozair, Sherjil and Courville, Aaron and Bengio, Yoshua},
booktitle = {Advances in Neural Information Processing Systems 27},
editor = {Z. Ghahramani and M. Welling and C. Cortes and N. D. Lawrence and K. Q. Weinberger},
pages = {2672--2680},
year = {2014},
publisher = {Curran Associates, Inc.},
url = {http://papers.nips.cc/paper/5423-generative-adversarial-nets.pdf}
}

@inproceedings{YosinskiCNFL2015,
title = {Understanding Neural Networks Through Deep Visualization},
booktitle = {Deep Learning Workshop, 31st International Conference on Machine Learning},
year = {2015},
author = {Jason, Yosinski and Jeff, Clune and Anh, Nguyen and Thomas, Fuchs and Hod, Lipson}
}

@inproceedings{simonyanVZ14,
 author = {K. Simonyan and A. Vedaldi and A. Zisserman},
 booktitle = {Proceedings of the International Conference on Learning Representations (ICLR)},
 title = {Deep Inside Convolutional Networks: Visualising Image Classification Models and Saliency Maps},
 year = {2014}
}

@inproceedings{mahendranV15,
 author = {Aravindh Mahendran and Andrea Vedaldi},
 booktitle = {Proceedings of the {IEEE} Conf. on Computer Vision and Pattern Recognition ({CVPR})},
 title = {Understanding Deep Image Representations by Inverting Them},
 year = {2015},
 pages = {5188--5196}
}

@conference {GirshickDDM2014,
	title = {Rich Feature Hierarchies for Accurate Object Detection and Semantic Segmentation},
	booktitle = {Computer Vision and Pattern Recognition (CVPR), IEEE Conference on},
	year = {2014},
	month = {June},
	author = {Girshick, R. and Donahue, J. and Darrell, T. and Malik, J.}
}

@ARTICLE{FreemanG64, 
author={H. Freeman and L. Garder}, 
journal={IEEE Transactions on Electronic Computers}, 
title={Apictorial Jigsaw Puzzles: The Computer Solution of a Problem in Pattern Recognition}, 
year={1964}, 
volume={EC-13}, 
number={2}, 
pages={118-127}, 
month={April}}

@INPROCEEDINGS{PomeranzSB11, 
author={D. Pomeranz and M. Shemesh and O. Ben-Shahar}, 
booktitle={Computer Vision and Pattern Recognition (CVPR), 2011 IEEE Conference on}, 
title={A fully automated greedy square jigsaw puzzle solver}, 
year={2011}, 
pages={9-16}, 
month={June}}

@Inbook{ZeilerF2014,
author="Zeiler, Matthew D.
and Fergus, Rob",
chapter="Visualizing and Understanding Convolutional Networks",
title="Computer Vision -- ECCV 2014: 13th European Conference, Zurich, Switzerland, September 6-12, 2014, Proceedings, Part I",
year="2014",
pages="818--833"
}


@ARTICLE{HenriquesCMB15, 
author={J. F. Henriques and R. Caseiro and P. Martins and J. Batista}, 
journal={IEEE Transactions on Pattern Analysis and Machine Intelligence}, 
title={High-Speed Tracking with Kernelized Correlation Filters}, 
year={2015}, 
volume={37}, 
number={3}, 
pages={583-596}, 
month={March}}


@phdthesis{Pomeranz04,
author = {Dolev Pomeranz},
title = {Solving the square jigsaw problem},
school = {Ben-Gurion University of the Negev},
year = {2012}
}

@phdthesis{Coates12,
    author = {Adam Coates},
    title = {Demystifying unsupervised feature learning},
    school = {Stanford University},
    year = {2012}
}

@phdthesis{Tybon04,
author = {Robert Tybon},
title = {Generating Solutions to the Jigsaw Puzzle Problem},
school = {Griffith University},
year = {2004}
}

@inproceedings{richardsonVecchi02,
title = {A jigsaw-puzzle imagery task for assessing active visuospatial processes in old and young people},
author  = {Richardson, J.T. and Vecchi, T.},
year  = 2002,
pages = {69--82},
volume = {34},
booktitle = {Behavior Research Methods, Instruments, \& Computers}
}

@inproceedings{LeRMDCCDN12,
title = {Building high-level features using large scale unsupervised learning},
author  = {Quoc Le and Marc'Aurelio Ranzato and Rajat Monga and Matthieu Devin and Kai Chen and Greg Corrado and Jeff Dean and Andrew Ng},
year  = 2012,
booktitle = {International Conference on Machine Learning}
}

@ARTICLE{Barlow89, 
author={H. B. Barlow}, 
journal={Neural Computation}, 
title={Unsupervised Learning}, 
year={1989}, 
volume={1}, 
pages={295--311}
}

@article{OlshausenF97,
title = "Sparse coding with an overcomplete basis set: A strategy employed by V1? ",
journal = "Vision Research ",
volume = "37",
number = "23",
pages = "3311 - 3325",
year = "1997",
note = "",
issn = "0042-6989",
doi = "http://dx.doi.org/10.1016/S0042-6989(97)00169-7",
url = "http://www.sciencedirect.com/science/article/pii/S0042698997001697",
author = "Bruno A. Olshausen and David J. Field",
keywords = "Coding",
keywords = "V1",
keywords = "Gabor-wavelet",
keywords = "Natural images "
}



@ARTICLE{OlshausenF96, 
author={B. A. Olshausen and D. J. Field}, 
journal={Nature}, 
title={Emergence of Simple Cell Receptive Field Properties by Learning a Sparse Code for Natural Images}, 
year={1996}, 
volume={381}, 
pages={607--608}
}

@ARTICLE{BelkinN03, 
author={M. Belkin and P. Niyogi}, 
journal={Neural Computation}, 
title={Laplacian Eigenmaps for Dimensionality Reduction and Data Representation}, 
year={2003}, 
volume={15}, 
number={6}, 
pages={1373-1396}, 
month={June}
}


@article {RoweisS2000,
	author = {Roweis, Sam T. and Saul, Lawrence K.},
	title = {Nonlinear Dimensionality Reduction by Locally Linear Embedding},
	volume = {290},
	number = {5500},
	pages = {2323--2326},
	year = {2000},
	publisher = {American Association for the Advancement of Science},
	journal = {Science}
}


@incollection{HintonZ94,
title = {Autoencoders, Minimum Description Length and Helmholtz Free Energy},
author = {Geoffrey E. Hinton and Richard S. Zemel},
booktitle = {Advances in Neural Information Processing Systems 6},
editor = {J. D. Cowan and G. Tesauro and J. Alspector},
pages = {3--10},
year = {1994},
publisher = {Morgan-Kaufmann},
url = {http://papers.nips.cc/paper/798-autoencoders-minimum-description-length-and-helmholtz-free-energy.pdf}
}


@article{BoulardK88,
Author = {Boulard, H and Kamp, Y},
Title = {{Auto-association by multilayer perceptrons and singular value
   decomposition}},
Journal = {{Biological Cybernetics}},
Year = {{1988}},
Volume = {{59}},
Number = {{4-5}},
Pages = {{291-294}}
}

@incollection{Smolensky86,
 author = {Smolensky, Paul},
 title = {Information processing in dynamical systems: Foundations of harmony theory},
 booktitle = {Parallel Distributed Processing},
 editor = {Rumelhart, David and McClelland, James},
 year = {1986},
 pages = {194--281},
 numpages = {88},
 volume = {1},
 publisher = {MIT Press}
}  


@incollection{HintonS86,
 author = {Hinton, G. E. and Sejnowski, T. J.},
 title = {Learning and Relearning in Boltzmann Machines},
 booktitle = {Parallel Distributed Processing: Explorations in the Microstructure of Cognition, Vol. 1},
 editor = {Rumelhart, David E. and McClelland, James L. and PDP Research Group, CORPORATE},
 year = {1986},
 pages = {282--317},
 numpages = {36}
} 

@article{bengioCV12,
title = {Representation Learning:
A Review and New Perspectives},
author = {Bengio, Yoshua and Courville, Aaron and Vincent, Pascal},
journal = {TPAMI},
pages  = {1798--1828},
volume = {35},
number = {8},
year = {2013}
}


@INPROCEEDINGS{dengDSLLF09, 
author={J. Deng and W. Dong and R. Socher and L. J. Li and Kai Li and Li Fei-Fei}, 
booktitle={Computer Vision and Pattern Recognition, 2009. CVPR 2009. IEEE Conference on}, 
title={ImageNet: A large-scale hierarchical image database}, 
year={2009}, 
pages={248-255}
}

@article{simonyanZ14,
title = {Two-stream convolutional networks for action recognition in videos},
author = {K. Simonyan and A. Zisserman},
journal = {NIPS},
pages  = {568--576},
year = {2014}
}


@article{donahueJVHZTD13,
title = {Decaf: A deep convolutional activation feature for generic visual recognition},
author = {J. Donahue and Y. Jia and O. Vinyals and J. Hoffman and N. Zhang and E. Tzeng and T. Darrell},
journal = {CoRR},
volume    = {abs/1310.1531},
year = {2013}
}


@article{agrawalGM14,
title = {Analyzing the performance of multilayer neural networks for object recognition},
author = {P. Agrawal and R. Girshick and J. Malik},
journal = {ECCV},
pages = {329--344},
year = {2014}
}

@article{KrizhevskyIH12,
title = {ImageNet Classification with Deep Convolutional Neural Networks},
author = {Alex Krizhevsky and Sutskever, Ilya and Geoffrey E. Hinton},
journal = {Advances in Neural Information Processing Systems 25},
editor = {F. Pereira and C. J. C. Burges and L. Bottou and K. Q. Weinberger},
pages = {1097--1105},
year = {2012}
}

@article{kraehenbuehlDDD16,
  author    = {Philipp Kr{\"{a}}henb{\"{u}}hl and
               Carl Doersch and
               Jeff Donahue and
               Trevor Darrell},
  title     = {Data-dependent Initializations of Convolutional Neural Networks},
  journal   = {CoRR},
  volume    = {abs/1511.06856},
  year      = {2015}
}

@article{agrawalCM15,
author = {Agrawal, Pulkit and Carreira, Joao and Malik, Jitendra},
title = {Learning to See by Moving},
journal = {The IEEE International Conference on Computer Vision (ICCV)},
month = {December},
year = {2015}
}

@article{ChenBKTVPRCBPGG11,
  title = {City-scale landmark identification on mobile devices},
  author = {D. M. Chen and G. Baatz and K. Koser and S. S. Tsai and R. Vedantham and T. Pylvanainen and K. Roimela and X. Chen and J. Bach and M. Pollefeys and Bernd Girod and Radek Grzeszczuk},
  journal = {CVPR},
  pages = {737-744},
  year = {2011},
}


@book{Hooper1983,
author="H.E. Hooper",
title="The Hooper Visual Organization Test",
year="1983",
publisher="Western Psychological Services",
address="Los Angeles, CA"
}

@article{Faktor,
  title = {Clustering by Composition: Unsupervised Discovery of Image Categories},
  author = {Alon Faktor and Michal Irani},
  journal = {ECCV},
  year = {2012},
}

@article{doersch2014Context,
  title = {Context as Supervisory Signal: Discovering Objects with Predictable Context},
  author = {Carl Doersch and Abhinav Gupta and and Alexei A. Efros},
  journal = {ECCV},
  year = {2014},
}


@article{DBN09,
  title = {Convolutional deep belief networks for scalable unsupervised learning of hierarchical representations },
  author = {Honglak Lee and 	Roger Grosse and  	Rajesh Ranganath and  	Andrew Y. Ng},
  journal = {ICML},
  year = {2009},
}

@article{Gupta15,
  title = {Unsupervised Learning of Visual Representations using Videos },
  author = {Xiaolong Wang and Abhinav Gupta },
  journal = {ICCV},
  year = {2015},
}



@article{Kyle,
  title = {Image Webs: Computing and Exploiting Connectivity in Image Collections},
  author = {Kyle Heath and Natasha Gelfand and Maks Ovsjanikov and Mridul Aanjaneya and Leonidas J. Guibas1},
  journal = {CVPR},
  year = {2010},
}

@article{Saurabh,
 author = {Saurabh Singh and Abhinav Gupta and Alexei A. Efros},
 title = {Unsupervised Discovery of Mid-Level Discriminative Patches},
 journal = {ECCV},
 year = 2012
}

@article{Carl2015,
 author = {Carl Doersch and Abhinav Gupta and Alexei A. Efros },
 title = {Unsupervised Visual Representation Learning by Context Prediction},
 journal = {ICCV},
 year = {2015},
}

@article{Fergus2003,
 author = {R Fergus and P Perona and A Zisserman},
 title = {Unsupervised Visual Representation Learning by Context Prediction},
 journal = {CVPR},
 year = {2003}
}
@article{Weber2000,
 author = {M Weber and M Weilling and P Perona},
 title = {Unsupervised Learning of Models for Recognition},
 journal = {ECCV},
 year = {2000}
}

@article{YosinskiCBL14,
 author = {Jason Yosinski and Jeff Clune and Yoshua Bengio and Hod Lipson},
 title  = {How transferable are features in deep neural networks?},
 journal = {NIPS},
 pages = {3320--3328},
 year = {2014}
 }

@article{r_cnn,
    Author = {Girshick, Ross and Donahue, Jeff and Darrell, Trevor and Malik, Jitendra},
    Title = {Rich feature hierarchies for accurate object detection and semantic segmentation},
    journal = {CVPR},
    year = {2014},
}

@InProceedings{fastrcnn,
author = {Girshick, Ross},
title = {Fast R-CNN},
booktitle = {The IEEE International Conference on Computer Vision (ICCV)},
month = {December},
year = {2015}
}

@article{fasterrcnn,
    Author = {Shaoqing Ren, Kaiming He, Ross Girshick, Jian Sun},
    Title = {{Faster R-CNN}: Towards Real-Time Object Detection with Region Proposal Networks},
    journal = {CoRR},
    volume = {abs/1506.01497},
    year = {2015},
}

@article{jia2014caffe,
  Author = {Jia, Yangqing and Shelhamer, Evan and Donahue, Jeff and Karayev, Sergey and Long, Jonathan and Girshick, Ross and Guadarrama, Sergio and Darrell, Trevor},
  journal = {CoRR},
  volume = {abs/1408.5093},
  Title = {Caffe: Convolutional Architecture for Fast Feature Embedding},
  year = {2014},
}

@article{Jieping,
 author = {Jieping Ye and Zheng Zhao and Mingrui Wu },
 title = {Discriminative K-means for Clustering},
 journal = {NIPS},
 year = {2007},
}

@article{Ian,
 author = {Ian Endres and Kevin J. Shih and Johnston Jiaa and Derek Hoiem},
 title = {Learning Collection of Part Models for Object Recognition},
 journal = {CVPR},
 year = {2013},
}

@article{Alexey,
  title = {Discriminative Unsupervised Feature Learning with Convolutional Neural Networks},
  author = {Alexey Dosovitskiy and Jost Tobias Springenberg and Martin Riedmiller and Thomas Brox},
  journal = {NIPS},
  year = {2014},
}


@article{doersch2012what,
  title = {What Makes Paris Look like Paris?},
  author = {Carl Doersch and Saurabh Singh and Abhinav Gupta and Josef Sivic and Alexei A. Efros},
  journal = {ACM Transactions on Graphics (SIGGRAPH)},
  year = {2012},
}

@article{ps_child_teaching,
  title = {Teaching children using Puzzles },
  author = {A},
  journal = {psychology},
  year = {2012},
}

@article{jing2018self,
  title={Self-Supervised Spatiotemporal Feature Learning via Video Rotation Prediction},
  author={Jing, Longlong and Yang, Xiaodong and Liu, Jingen and Tian, Yingli},
  journal={arXiv preprint arXiv:1811.11387},
  year={2018}
}

@article{sun2019contrastive,
  title={Contrastive Bidirectional Transformer for Temporal Representation Learning},
  author={Sun, Chen and Baradel, Fabien and Murphy, Kevin and Schmid, Cordelia},
  journal={arXiv preprint arXiv:1906.05743},
  year={2019}
}

@inproceedings{han2019video,
  title={Video representation learning by dense predictive coding},
  author={Han, Tengda and Xie, Weidi and Zisserman, Andrew},
  booktitle={Proceedings of the IEEE International Conference on Computer Vision Workshops},
  pages={0--0},
  year={2019}
}

@inproceedings{lee2017unsupervised,
  title={Unsupervised representation learning by sorting sequences},
  author={Lee, Hsin-Ying and Huang, Jia-Bin and Singh, Maneesh and Yang, Ming-Hsuan},
  booktitle={Proceedings of the IEEE International Conference on Computer Vision},
  pages={667--676},
  year={2017}
}

@inproceedings{kim2019self,
  title={Self-supervised video representation learning with space-time cubic puzzles},
  author={Kim, Dahun and Cho, Donghyeon and Kweon, In So},
  booktitle={Proceedings of the AAAI Conference on Artificial Intelligence},
  volume={33},
  pages={8545--8552},
  year={2019}
}

@inproceedings{korbar2018cooperative,
  title={Cooperative learning of audio and video models from self-supervised synchronization},
  author={Korbar, Bruno and Tran, Du and Torresani, Lorenzo},
  booktitle={Advances in Neural Information Processing Systems},
  pages={7763--7774},
  year={2018}
}

@inproceedings{wang2019self,
  title={Self-supervised Spatio-temporal Representation Learning for Videos by Predicting Motion and Appearance Statistics},
  author={Wang, Jiangliu and Jiao, Jianbo and Bao, Linchao and He, Shengfeng and Liu, Yunhui and Liu, Wei},
  booktitle={Proceedings of the IEEE Conference on Computer Vision and Pattern Recognition},
  pages={4006--4015},
  year={2019}
}

@inproceedings{srivastava2015unsupervised,
  title={Unsupervised learning of video representations using lstms},
  author={Srivastava, Nitish and Mansimov, Elman and Salakhudinov, Ruslan},
  booktitle={International conference on machine learning},
  pages={843--852},
  year={2015}
}

@inproceedings{luo2017unsupervised,
  title={Unsupervised learning of long-term motion dynamics for videos},
  author={Luo, Zelun and Peng, Boya and Huang, De-An and Alahi, Alexandre and Fei-Fei, Li},
  booktitle={Proceedings of the IEEE Conference on Computer Vision and Pattern Recognition},
  pages={2203--2212},
  year={2017}
}

@inproceedings{diba2019dynamonet,
  title={Dynamonet: Dynamic action and motion network},
  author={Diba, Ali and Sharma, Vivek and Gool, Luc Van and Stiefelhagen, Rainer},
  booktitle={Proceedings of the IEEE International Conference on Computer Vision},
  pages={6192--6201},
  year={2019}
}

@inproceedings{wang2019learning,
  title={Learning correspondence from the cycle-consistency of time},
  author={Wang, Xiaolong and Jabri, Allan and Efros, Alexei A},
  booktitle={Proceedings of the IEEE Conference on Computer Vision and Pattern Recognition},
  pages={2566--2576},
  year={2019}
}

@inproceedings{li2019joint,
  title={Joint-task self-supervised learning for temporal correspondence},
  author={Li, Xueting and Liu, Sifei and De Mello, Shalini and Wang, Xiaolong and Kautz, Jan and Yang, Ming-Hsuan},
  booktitle={Advances in Neural Information Processing Systems},
  pages={317--327},
  year={2019}
}


@inproceedings{xie2018rethinking,
  title={Rethinking spatiotemporal feature learning: Speed-accuracy trade-offs in video classification},
  author={Xie, Saining and Sun, Chen and Huang, Jonathan and Tu, Zhuowen and Murphy, Kevin},
  booktitle={Proceedings of the European Conference on Computer Vision (ECCV)},
  pages={305--321},
  year={2018}
}

@inproceedings{tran2018closer,
  title={A closer look at spatiotemporal convolutions for action recognition},
  author={Tran, Du and Wang, Heng and Torresani, Lorenzo and Ray, Jamie and LeCun, Yann and Paluri, Manohar},
  booktitle={Proceedings of the IEEE conference on Computer Vision and Pattern Recognition},
  pages={6450--6459},
  year={2018}
}

@inproceedings{tran2015learning,
  title={Learning spatiotemporal features with 3d convolutional networks},
  author={Tran, Du and Bourdev, Lubomir and Fergus, Rob and Torresani, Lorenzo and Paluri, Manohar},
  booktitle={Proceedings of the IEEE international conference on computer vision},
  pages={4489--4497},
  year={2015}
}

@inproceedings{zhang2016colorful,
	Author = {Zhang, Richard and Isola, Phillip and Efros, Alexei A},
	Booktitle = {European Conference on Computer Vision},
	Date-Added = {2017-03-12 15:13:29 +0000},
	Date-Modified = {2017-03-12 15:13:29 +0000},
	Organization = {Springer},
	Pages = {649--666},
	Title = {Colorful image colorization},
	Year = {2016}}
	
@inproceedings{zhang2016split,
  title={Split-brain autoencoders: Unsupervised learning by cross-channel prediction},
  author={Zhang, Richard and Isola, Phillip and Efros, Alexei A},
  booktitle={Proceedings of the IEEE Conference on Computer Vision and Pattern Recognition},
  pages={1058--1067},
  year={2017}
}

@inproceedings{larsson2017colorproxy,
  title={Colorization as a proxy task for visual understanding},
  author={Larsson, Gustav and Maire, Michael and Shakhnarovich, Gregory},
  booktitle={Proceedings of the IEEE Conference on Computer Vision and Pattern Recognition},
  pages={6874--6883},
  year={2017}
}

@article{soomro2012ucf101,
  title={UCF101: A dataset of 101 human actions classes from videos in the wild},
  author={Soomro, Khurram and Zamir, Amir Roshan and Shah, Mubarak},
  journal={arXiv preprint arXiv:1212.0402},
  year={2012}
}

@InProceedings{hmdb51,
   author= "Kuehne, H. and Jhuang, H. and Garrote, E. and Poggio, T. and Serre, T.",
   title = "{HMDB}: a large video database for human motion recognition",
   booktitle = "Proceedings of the International Conference on Computer Vision (ICCV)",
   year = "2011",
}

@article{loshchilov2018decoupled,
  title={Fixing weight decay regularization in adam},
  author={Loshchilov, Ilya and Hutter, Frank},
  journal={arXiv preprint arXiv:1711.05101},
  year={2017}
}

@article{loshchilov2016sgdr,
  title={Sgdr: Stochastic gradient descent with warm restarts},
  author={Loshchilov, Ilya and Hutter, Frank},
  journal={arXiv preprint arXiv:1608.03983},
  year={2016}
}

@inproceedings{redmon2016you,
  title={You only look once: Unified, real-time object detection},
  author={Redmon, Joseph and Divvala, Santosh and Girshick, Ross and Farhadi, Ali},
  booktitle={Proceedings of the IEEE conference on computer vision and pattern recognition},
  pages={779--788},
  year={2016}
}

@inproceedings{he2017mask,
  title={Mask r-cnn},
  author={He, Kaiming and Gkioxari, Georgia and Doll{\'a}r, Piotr and Girshick, Ross},
  booktitle={Proceedings of the IEEE international conference on computer vision},
  pages={2961--2969},
  year={2017}
}

@inproceedings{he2016deep,
  title={Deep residual learning for image recognition},
  author={He, Kaiming and Zhang, Xiangyu and Ren, Shaoqing and Sun, Jian},
  booktitle={Proceedings of the IEEE conference on computer vision and pattern recognition},
  pages={770--778},
  year={2016}
}

@inproceedings{schindler2008action,
  title={Action snippets: How many frames does human action recognition require?},
  author={Schindler, Konrad and Van Gool, Luc},
  booktitle={2008 IEEE Conference on Computer Vision and Pattern Recognition},
  pages={1--8},
  year={2008},
  organization={IEEE}
}

@article{ioffe2015batch,
  title={Batch normalization: Accelerating deep network training by reducing internal covariate shift},
  author={Ioffe, Sergey and Szegedy, Christian},
  journal={arXiv preprint arXiv:1502.03167},
  year={2015}
}

@article{devlin2018bert,
  title={Bert: Pre-training of deep bidirectional transformers for language understanding},
  author={Devlin, Jacob and Chang, Ming-Wei and Lee, Kenton and Toutanova, Kristina},
  journal={arXiv preprint arXiv:1810.04805},
  year={2018}
}

@inproceedings{xu2019self,
  title={Self-supervised spatiotemporal learning via video clip order prediction},
  author={Xu, Dejing and Xiao, Jun and Zhao, Zhou and Shao, Jian and Xie, Di and Zhuang, Yueting},
  booktitle={Proceedings of the IEEE Conference on Computer Vision and Pattern Recognition},
  pages={10334--10343},
  year={2019}
}

@inproceedings{hara2018can,
  title={Can spatiotemporal 3d cnns retrace the history of 2d cnns and imagenet?},
  author={Hara, Kensho and Kataoka, Hirokatsu and Satoh, Yutaka},
  booktitle={Proceedings of the IEEE conference on Computer Vision and Pattern Recognition},
  pages={6546--6555},
  year={2018}
}

@article{epstein2020video,
  title={Video Representations of Goals Emerge from Watching Failure},
  author={Epstein, Dave and Vondrick, Carl},
  journal={arXiv preprint arXiv:2006.15657},
  year={2020}
}

@inproceedings{benaim2020speednet,
  title={SpeedNet: Learning the Speediness in Videos},
  author={Benaim, Sagie and Ephrat, Ariel and Lang, Oran and Mosseri, Inbar and Freeman, William T and Rubinstein, Michael and Irani, Michal and Dekel, Tali},
  booktitle={Proceedings of the IEEE/CVF Conference on Computer Vision and Pattern Recognition},
  pages={9922--9931},
  year={2020}
}

@inproceedings{jenni2020steering,
  title={Steering Self-Supervised Feature Learning Beyond Local Pixel Statistics},
  author={Jenni, Simon and Jin, Hailin and Favaro, Paolo},
  booktitle={Proceedings of the IEEE/CVF Conference on Computer Vision and Pattern Recognition},
  pages={6408--6417},
  year={2020}
}

@inproceedings{jenni2018self,
  title={Self-supervised feature learning by learning to spot artifacts},
  author={Jenni, Simon and Favaro, Paolo},
  booktitle={Proceedings of the IEEE Conference on Computer Vision and Pattern Recognition},
  pages={2733--2742},
  year={2018}
}

@article{patrick2020multi,
  title={Multi-modal self-supervision from generalized data transformations},
  author={Patrick, Mandela and Asano, Yuki M and Fong, Ruth and Henriques, Jo{\~a}o F and Zweig, Geoffrey and Vedaldi, Andrea},
  journal={arXiv preprint arXiv:2003.04298},
  year={2020}
}

@inproceedings{epstein2020oops,
  title={Oops! Predicting Unintentional Action in Video},
  author={Epstein, Dave and Chen, Boyuan and Vondrick, Carl},
  booktitle={Proceedings of the IEEE/CVF Conference on Computer Vision and Pattern Recognition},
  pages={919--929},
  year={2020}
}

@inproceedings{yao2020video,
  title={Video Playback Rate Perception for Self-Supervised Spatio-Temporal Representation Learning},
  author={Yao, Yuan and Liu, Chang and Luo, Dezhao and Zhou, Yu and Ye, Qixiang},
  booktitle={Proceedings of the IEEE/CVF Conference on Computer Vision and Pattern Recognition},
  pages={6548--6557},
  year={2020}
}


@article{han2020memory,
  title={Memory-augmented dense predictive coding for video representation learning},
  author={Han, Tengda and Xie, Weidi and Zisserman, Andrew},
  journal={arXiv preprint arXiv:2008.01065},
  year={2020}
}

@article{jenni2020video,
  title={Video representation learning by recognizing temporal transformations},
  author={Jenni, Simon and Meishvili, Givi and Favaro, Paolo},
  journal={arXiv preprint arXiv:2007.10730},
  year={2020}
}

@article{wang2020self2,
  title={Self-supervised Video Representation Learning by Uncovering Spatio-temporal Statistics},
  author={Wang, Jiangliu and Jiao, Jianbo and Bao, Linchao and He, Shengfeng and Liu, Wei and Liu, Yun-hui},
  journal={arXiv preprint arXiv:2008.13426},
  year={2020}
}

@article{cho2020self,
  title={Self-supervised spatio-temporal representation learning using variable playback speed prediction},
  author={Cho, Hyeon and Kim, Taehoon and Chang, Hyung Jin and Hwang, Wonjun},
  journal={arXiv preprint arXiv:2003.02692},
  year={2020}
}


@inproceedings{luo2020video,
  title={Video cloze procedure for self-supervised spatio-temporal learning},
  author={Luo, Dezhao and Liu, Chang and Zhou, Yu and Yang, Dongbao and Ma, Can and Ye, Qixiang and Wang, Weiping},
  booktitle={Proceedings of the AAAI Conference on Artificial Intelligence},
  volume={34},
  number={07},
  pages={11701--11708},
  year={2020}
}

@inproceedings{caron2018deep,
  title={Deep clustering for unsupervised learning of visual features},
  author={Caron, Mathilde and Bojanowski, Piotr and Joulin, Armand and Douze, Matthijs},
  booktitle={Proceedings of the European Conference on Computer Vision (ECCV)},
  pages={132--149},
  year={2018}
}

@inproceedings{zhuang2019local,
  title={Local aggregation for unsupervised learning of visual embeddings},
  author={Zhuang, Chengxu and Zhai, Alex Lin and Yamins, Daniel},
  booktitle={Proceedings of the IEEE/CVF International Conference on Computer Vision},
  pages={6002--6012},
  year={2019}
}

@article{gordon2020watching,
  title={Watching the world go by: Representation learning from unlabeled videos},
  author={Gordon, Daniel and Ehsani, Kiana and Fox, Dieter and Farhadi, Ali},
  journal={arXiv preprint arXiv:2003.07990},
  year={2020}
}

@article{xiao2020should,
  title={What should not be contrastive in contrastive learning},
  author={Xiao, Tete and Wang, Xiaolong and Efros, Alexei A and Darrell, Trevor},
  journal={arXiv preprint arXiv:2008.05659},
  year={2020}
}

@inproceedings{zhang2019aet,
  title={Aet vs. aed: Unsupervised representation learning by auto-encoding transformations rather than data},
  author={Zhang, Liheng and Qi, Guo-Jun and Wang, Liqiang and Luo, Jiebo},
  booktitle={Proceedings of the IEEE/CVF Conference on Computer Vision and Pattern Recognition},
  pages={2547--2555},
  year={2019}
}

@inproceedings{lenc2015understanding,
  title={Understanding image representations by measuring their equivariance and equivalence},
  author={Lenc, Karel and Vedaldi, Andrea},
  booktitle={Proceedings of the IEEE conference on computer vision and pattern recognition},
  pages={991--999},
  year={2015}
}

@inproceedings{hinton2018matrix,
  title={Matrix capsules with EM routing},
  author={Hinton, Geoffrey E and Sabour, Sara and Frosst, Nicholas},
  booktitle={International conference on learning representations},
  year={2018}
}

@inproceedings{cohen2016group,
  title={Group equivariant convolutional networks},
  author={Cohen, Taco and Welling, Max},
  booktitle={International conference on machine learning},
  pages={2990--2999},
  year={2016},
  organization={PMLR}
}

@inproceedings{worrall2017harmonic,
  title={Harmonic networks: Deep translation and rotation equivariance},
  author={Worrall, Daniel E and Garbin, Stephan J and Turmukhambetov, Daniyar and Brostow, Gabriel J},
  booktitle={Proceedings of the IEEE Conference on Computer Vision and Pattern Recognition},
  pages={5028--5037},
  year={2017}
}

@inproceedings{li2018resound,
  title={Resound: Towards action recognition without representation bias},
  author={Li, Yingwei and Li, Yi and Vasconcelos, Nuno},
  booktitle={Proceedings of the European Conference on Computer Vision (ECCV)},
  pages={513--528},
  year={2018}
}

@article{abu2016youtube,
  title={Youtube-8m: A large-scale video classification benchmark},
  author={Abu-El-Haija, Sami and Kothari, Nisarg and Lee, Joonseok and Natsev, Paul and Toderici, George and Varadarajan, Balakrishnan and Vijayanarasimhan, Sudheendra},
  journal={arXiv preprint arXiv:1609.08675},
  year={2016}
}

@article{choi2019can,
  title={Why Can't I Dance in the Mall? Learning to Mitigate Scene Bias in Action Recognition},
  author={Choi, Jinwoo and Gao, Chen and Messou, Joseph CE and Huang, Jia-Bin},
  journal={arXiv preprint arXiv:1912.05534},
  year={2019}
}

@inproceedings{wang2016temporal,
  title={Temporal segment networks: Towards good practices for deep action recognition},
  author={Wang, Limin and Xiong, Yuanjun and Wang, Zhe and Qiao, Yu and Lin, Dahua and Tang, Xiaoou and Van Gool, Luc},
  booktitle={European conference on computer vision},
  pages={20--36},
  year={2016},
  organization={Springer}
}


@article{yang2020video,
  title={Video representation learning with visual tempo consistency},
  author={Yang, Ceyuan and Xu, Yinghao and Dai, Bo and Zhou, Bolei},
  journal={arXiv preprint arXiv:2006.15489},
  year={2020}
}

@article{pan2021videomoco,
  title={VideoMoCo: Contrastive Video Representation Learning with Temporally Adversarial Examples},
  author={Pan, Tian and Song, Yibing and Yang, Tianyu and Jiang, Wenhao and Liu, Wei},
  journal={arXiv preprint arXiv:2103.05905},
  year={2021}
}


@inproceedings{feichtenhofer2021large,
  title={A large-scale study on unsupervised spatiotemporal representation learning},
  author={Feichtenhofer, Christoph and Fan, Haoqi and Xiong, Bo and Girshick, Ross and He, Kaiming},
  booktitle={Proceedings of the IEEE/CVF Conference on Computer Vision and Pattern Recognition},
  pages={3299--3309},
  year={2021}
}

@inproceedings{jenni2021time,
  title={Time-equivariant contrastive video representation learning},
  author={Jenni, Simon and Jin, Hailin},
  booktitle={Proceedings of the IEEE/CVF International Conference on Computer Vision},
  pages={9970--9980},
  year={2021}
}

@InProceedings{Morgado_2021_CVPR,
    author    = {Morgado, Pedro and Vasconcelos, Nuno and Misra, Ishan},
    title     = {Audio-Visual Instance Discrimination with Cross-Modal Agreement},
    booktitle = {Proceedings of the IEEE/CVF Conference on Computer Vision and Pattern Recognition (CVPR)},
    month     = {June},
    year      = {2021},
    pages     = {12475-12486}
}

@article{alwassel2020self,
  title={Self-supervised learning by cross-modal audio-video clustering},
  author={Alwassel, Humam and Mahajan, Dhruv and Korbar, Bruno and Torresani, Lorenzo and Ghanem, Bernard and Tran, Du},
  journal={Advances in Neural Information Processing Systems},
  volume={33},
  pages={9758--9770},
  year={2020}
}

@article{alayrac2020self,
  title={Self-supervised multimodal versatile networks},
  author={Alayrac, Jean-Baptiste and Recasens, Adria and Schneider, Rosalia and Arandjelovi{\'c}, Relja and Ramapuram, Jason and De Fauw, Jeffrey and Smaira, Lucas and Dieleman, Sander and Zisserman, Andrew},
  journal={Advances in Neural Information Processing Systems},
  volume={33},
  pages={25--37},
  year={2020}
}

@inproceedings{lee2021acav100m,
  title={ACAV100M: Automatic Curation of Large-Scale Datasets for Audio-Visual Video Representation Learning},
  author={Lee, Sangho and Chung, Jiwan and Yu, Youngjae and Kim, Gunhee and Breuel, Thomas and Chechik, Gal and Song, Yale},
  booktitle={Proceedings of the IEEE/CVF International Conference on Computer Vision},
  pages={10274--10284},
  year={2021}
}

@inproceedings{yuan2021multimodal,
  title={Multimodal contrastive training for visual representation learning},
  author={Yuan, Xin and Lin, Zhe and Kuen, Jason and Zhang, Jianming and Wang, Yilin and Maire, Michael and Kale, Ajinkya and Faieta, Baldo},
  booktitle={Proceedings of the IEEE/CVF Conference on Computer Vision and Pattern Recognition},
  pages={6995--7004},
  year={2021}
}

@inproceedings{zolfaghari2021crossclr,
  title={CrossCLR: Cross-modal Contrastive Learning For Multi-modal Video Representations},
  author={Zolfaghari, Mohammadreza and Zhu, Yi and Gehler, Peter and Brox, Thomas},
  booktitle={Proceedings of the IEEE/CVF International Conference on Computer Vision},
  pages={1450--1459},
  year={2021}
}

@inproceedings{recasens2021broaden,
  title={Broaden your views for self-supervised video learning},
  author={Recasens, Adria and Luc, Pauline and Alayrac, Jean-Baptiste and Wang, Luyu and Strub, Florian and Tallec, Corentin and Malinowski, Mateusz and P{\u{a}}tr{\u{a}}ucean, Viorica and Altch{\'e}, Florent and Valko, Michal and others},
  booktitle={Proceedings of the IEEE/CVF International Conference on Computer Vision},
  pages={1255--1265},
  year={2021}
}


@inproceedings{morgado2021robust,
  title={Robust audio-visual instance discrimination},
  author={Morgado, Pedro and Misra, Ishan and Vasconcelos, Nuno},
  booktitle={Proceedings of the IEEE/CVF Conference on Computer Vision and Pattern Recognition},
  pages={12934--12945},
  year={2021}
}

@article{lee2020parameter,
  title={Parameter efficient multimodal transformers for video representation learning},
  author={Lee, Sangho and Yu, Youngjae and Kim, Gunhee and Breuel, Thomas and Kautz, Jan and Song, Yale},
  journal={arXiv preprint arXiv:2012.04124},
  year={2020}
}

@inproceedings{lin2021self,
  title={Self-supervised video representation learning with meta-contrastive network},
  author={Lin, Yuanze and Guo, Xun and Lu, Yan},
  booktitle={Proceedings of the IEEE/CVF International Conference on Computer Vision},
  pages={8239--8249},
  year={2021}
}

@inproceedings{dwibedi2021little,
  title={With a little help from my friends: Nearest-neighbor contrastive learning of visual representations},
  author={Dwibedi, Debidatta and Aytar, Yusuf and Tompson, Jonathan and Sermanet, Pierre and Zisserman, Andrew},
  booktitle={Proceedings of the IEEE/CVF International Conference on Computer Vision},
  pages={9588--9597},
  year={2021}
}

@inproceedings{koohpayegani2021mean,
  title={Mean shift for self-supervised learning},
  author={Koohpayegani, Soroush Abbasi and Tejankar, Ajinkya and Pirsiavash, Hamed},
  booktitle={Proceedings of the IEEE/CVF International Conference on Computer Vision},
  pages={10326--10335},
  year={2021}
}

@inproceedings{piczak2015esc,
  title={ESC: Dataset for environmental sound classification},
  author={Piczak, Karol J},
  booktitle={Proceedings of the 23rd ACM international conference on Multimedia},
  pages={1015--1018},
  year={2015}
}

@article{lee2008robust,
  title={Robust video fingerprinting for content-based video identification},
  author={Lee, Sunil and Yoo, Chang D},
  journal={IEEE Transactions on Circuits and Systems for Video Technology},
  volume={18},
  number={7},
  pages={983--988},
  year={2008},
  publisher={IEEE}
}

@inproceedings{black2021vpn,
  title={VPN: Video Provenance Network for Robust Content Attribution},
  author={Black, Alexander and Bui, Tu and Jenni, Simon and Swaminathan, Viswanathan and Collomosse, John},
  booktitle={European Conference on Visual Media Production},
  pages={1--10},
  year={2021}
}

@inproceedings{chen2020vggsound,
  title={Vggsound: A large-scale audio-visual dataset},
  author={Chen, Honglie and Xie, Weidi and Vedaldi, Andrea and Zisserman, Andrew},
  booktitle={ICASSP 2020-2020 IEEE International Conference on Acoustics, Speech and Signal Processing (ICASSP)},
  pages={721--725},
  year={2020},
  organization={IEEE}
}

@article{akbari2021vatt,
  title={Vatt: Transformers for multimodal self-supervised learning from raw video, audio and text},
  author={Akbari, Hassan and Yuan, Liangzhe and Qian, Rui and Chuang, Wei-Hong and Chang, Shih-Fu and Cui, Yin and Gong, Boqing},
  journal={Advances in Neural Information Processing Systems},
  volume={34},
  year={2021}
}

@misc{papakipos2022augly,
  author        = {Zoe Papakipos and Joanna Bitton},
  title         = {AugLy: Data Augmentations for Robustness},
  year          = {2022},
  eprint        = {2201.06494},
  archivePrefix = {arXiv},
  primaryClass  = {cs.AI}}
}