@book{efron1994introduction,
  title={An introduction to the bootstrap},
  author={Efron, Bradley and Tibshirani, Robert J},
  year={1994},
  publisher={CRC press}
}

@article{norman1983some,
  title={Some observations on mental models},
  author={Norman, Donald A},
  journal={Mental models},
  year={1983},
}

@article{heuillet2021explainability,
  title={Explainability in deep reinforcement learning},
  author={Heuillet, Alexandre and Couthouis, Fabien and D{\'\i}az-Rodr{\'\i}guez, Natalia},
  journal={Knowledge-Based Systems},
  volume={214},
  pages={106685},
  year={2021},
  publisher={Elsevier}
}

@article{doshi2017towards,
  title={Towards a rigorous science of interpretable machine learning},
  author={Doshi-Velez, Finale and Kim, Been},
  year={2017}
}

@article{gunning2017explainable,
	title={Explainable artificial intelligence (xai)},
	author={Gunning, David},
	journal={Defense Advanced Research Projects Agency (DARPA), nd Web},
	year={2017}
}

@inproceedings{aha2017ijcai,
  title={Ijcai-17 workshop on explainable ai (xai)},
  author={Aha, D and Darrell, T and Pazzani, M and Reid, D and Sammut, C and Stone, P},
  booktitle={IJCAI-17 Workshop on Explainable AI (XAI)},
  year={2017}
}

@article{miller2018explanation,
  title={Explanation in artificial intelligence: Insights from the social sciences},
  author={Miller, Tim},
  journal={Artificial Intelligence},
  year={2018},
  publisher={Elsevier}
}

@inproceedings{ribeiro2016should,
  title={Why should i trust you?: Explaining the predictions of any classifier},
  author={Ribeiro, Marco Tulio and Singh, Sameer and Guestrin, Carlos},
  booktitle={Proc. of ACM International Conference on Knowledge Discovery and Data Mining},
  pages={1135--1144},
  year={2016},
  organization={ACM}
}

@inproceedings{kim2016examples,
	title={Examples are not enough, learn to criticize! criticism for interpretability},
	author={Kim, Been and Khanna, Rajiv and Koyejo, Oluwasanmi O},
	booktitle={Advances in Neural Information Processing Systems},
	pages={2280--2288},
	year={2016}
}


@article{greydanus2017visualizing,
  title={Visualizing and Understanding Atari Agents},
  author={Greydanus, Sam and Koul, Anurag and Dodge, Jonathan and Fern, Alan},
  journal={arXiv preprint arXiv:1711.00138},
  year={2017}
}

@article{khan2011automatically,
  title={Automatically generated explanations for Markov decision processes},
  author={Khan, O and Poupart, Pascal and Black, J and Sucar, LE and Morales, EF and Hoey, J},
  journal={Decision Theory Models for Applications in AI: Concepts and Solutions},
  pages={144--163},
  year={2011}
}

@inproceedings{hayes2017improving,
  title={Improving Robot Controller Transparency Through Autonomous Policy Explanation},
  author={Hayes, Bradley and Shah, Julie A},
  booktitle={Proceedings of the 2017 ACM/IEEE International Conference on Human-Robot Interaction},
  pages={303--312},
  year={2017},
  organization={ACM}
}

@article{cashmore2019towards,
  title={Towards Explainable AI Planning as a Service},
  author={Cashmore, Michael and Collins, Anna and Krarup, Benjamin and Krivic, Senka and Magazzeni, Daniele and Smith, David},
  journal={arXiv preprint arXiv:1908.05059},
  year={2019}
}

@inproceedings{chakraborti2019plan,
  title={Plan explanations as model reconciliation},
  author={Chakraborti, Tathagata and Sreedharan, Sarath and Grover, Sachin and Kambhampati, Subbarao},
  booktitle={2019 14th ACM/IEEE International Conference on Human-Robot Interaction (HRI)},
  pages={258--266},
  year={2019},
  organization={IEEE}
}

@inproceedings{miller2017explainable,
	title={Explainable AI: Beware of inmates running the asylum},
	author={Miller, Tim and Howe, Piers and Sonenberg, Liz},
	booktitle={IJCAI-17 Workshop on Explainable AI (XAI)},
	volume={36},
	year={2017}
}

@inproceedings{kulkarni2019explicable,
  title={Explicable Planning as Minimizing Distance from Expected Behavior},
  author={Kulkarni, Anagha and Zha, Yantian and Chakraborti, Tathagata and Vadlamudi, Satya Gautam and Zhang, Yu and Kambhampati, Subbarao},
  booktitle={Proceedings of the 18th International Conference on Autonomous Agents and MultiAgent Systems},
  pages={2075--2077},
  year={2019},
  organization={International Foundation for Autonomous Agents and Multiagent Systems}
}

@article{amir2019summarizing,
  title={Summarizing agent strategies},
  author={Amir, Ofra and Doshi-Velez, Finale and Sarne, David},
  journal={Autonomous Agents and Multi-Agent Systems},
  volume={33},
  number={5},
  pages={628--644},
  year={2019},
  publisher={Springer}
}

@inproceedings{amir2018agent,
  title={Agent Strategy Summarization},
  author={Amir, Ofra and Doshi-Velez, Finale and Sarne, David},
  booktitle={Proceedings of the 17th International Conference on Autonomous Agents and MultiAgent Systems},
  pages={1203--1207},
  year={2018},
  organization={International Foundation for Autonomous Agents and Multiagent Systems}
}

@inproceedings{amir18highlights,
	author    = {Dan Amir and Ofra Amir},
	title     = {HIGHLIGHTS: Summarizing Agent Behavior to People},
	booktitle = {Proc. of the 17th International conference on Autonomous Agents and Multi-Agent Systems (AAMAS)},
	year      = {2018}
}

@inproceedings{DBLP:conf/ijcai/MasoodD19,
  author    = {Muhammad A. Masood and
               Finale Doshi{-}Velez},
  title     = {Diversity-Inducing Policy Gradient: Using Maximum Mean Discrepancy
               to Find a Set of Diverse Policies},
  booktitle = {Proceedings of the Twenty-Eighth International Joint Conference on
               Artificial Intelligence, {IJCAI} 2019, Macao, China, August 10-16,
               2019},
  pages     = {5923--5929},
  year      = {2019},
}

@article{sutton1999between,
  title={Between MDPs and semi-MDPs: A framework for temporal abstraction in reinforcement learning},
  author={Sutton, Richard S and Precup, Doina and Singh, Satinder},
  journal={Artificial intelligence},
  volume={112},
  number={1-2},
  pages={181--211},
  year={1999},
  publisher={Elsevier}
}

@inproceedings{stolle2002learning,
  title={Learning options in reinforcement learning},
  author={Stolle, Martin and Precup, Doina},
  booktitle={International Symposium on abstraction, reformulation, and approximation},
  pages={212--223},
  year={2002},
  organization={Springer}
}

@inproceedings{bacon2017option,
  title={The option-critic architecture},
  author={Bacon, Pierre-Luc and Harb, Jean and Precup, Doina},
  booktitle={Thirty-First AAAI Conference on Artificial Intelligence},
  year={2017}
}

@inproceedings{mankowitz2016adaptive,
  title={Adaptive skills adaptive partitions (ASAP)},
  author={Mankowitz, Daniel J and Mann, Timothy A and Mannor, Shie},
  booktitle={Advances in Neural Information Processing Systems},
  pages={1588--1596},
  year={2016}
}

@article{hoffman2018metrics,
  title={Metrics for explainable AI: Challenges and prospects},
  author={Hoffman, Robert R and Mueller, Shane T and Klein, Gary and Litman, Jordan},
  journal={arXiv preprint arXiv:1812.04608},
  year={2018}
}

@article{hart1988development,
  title={Development of NASA-TLX (Task Load Index): Results of empirical and theoretical research},
  author={Hart, Sandra G and Staveland, Lowell E},
  journal={Advances in psychology},
  volume={52},
  pages={139--183},
  year={1988},
  publisher={Elsevier}
}

@article{huang2017enabling,
	title={Enabling robots to communicate their objectives},
	author={Huang, Sandy H and Held, David and Abbeel, Pieter and Dragan, Anca D},
	journal={Autonomous Robots},
	pages={1--18},
	year={2017},
	publisher={Springer}
}

@inproceedings{huang2018establishing,
  title={Establishing Appropriate Trust via Critical States},
  author={Huang, Sandy H and Bhatia, Kush and Abbeel, Pieter and Dragan, Anca D},
  booktitle={2018 IEEE/RSJ International Conference on Intelligent Robots and Systems (IROS)},
  pages={3929--3936},
  year={2018},
  organization={IEEE}
}


@article{Sequeira2020,
	Author = {Pedro Sequeira and Melinda Gervasio},
	Doi = {https://doi.org/10.1016/j.artint.2020.103367},
	Issn = {0004-3702},
	Journal = {Artificial Intelligence},
	Keywords = {Explainable AI, Reinforcement learning, Interestingness elements, Autonomy, Video highlights, Visual explanations},
	Pages = {103367},
	Title = {Interestingness elements for explainable reinforcement learning: Understanding agents' capabilities and limitations},
	Volume = {288},
	Year = {2020}
}


@inproceedings{lage2019exploring,
  title     = {Exploring Computational User Models for Agent Policy Summarization},
  author    = {Lage, Isaac and Lifschitz, Daphna and Doshi-Velez, Finale and Amir, Ofra},
  booktitle = {Proceedings of the Twenty-Eighth International Joint Conference on
               Artificial Intelligence, {IJCAI-19}},
  publisher = {International Joint Conferences on Artificial Intelligence Organization},             
  pages     = {1401--1407},
  year      = {2019},
}

@inproceedings{GottesmanF0PCBD20,
  author    = {Omer Gottesman and
               Joseph Futoma and
               Yao Liu and
               Sonali Parbhoo and
               Leo A. Celi and
               Emma Brunskill and
               Finale Doshi{-}Velez},
  title     = {Interpretable Off-Policy Evaluation in Reinforcement Learning by Highlighting
               Influential Transitions},
  booktitle = {Proceedings of the 37th International Conference on Machine Learning,
               {ICML} 2020, 13-18 July 2020, Virtual Event},
  series    = {Proceedings of Machine Learning Research},
  volume    = {119},
  pages     = {3658--3667},
  publisher = {{PMLR}},
  year      = {2020}
  }


@software{Frogger_game,
  author       = {Pedro Sequeira and
                  Jo√£o Gubert},
  title        = {Frogger python implementation},
  month        = feb,
  year         = 2020,
  publisher    = {Zenodo},
  version      = {v1.0.0},
  doi          = {10.5281/zenodo.3637654},
  url          = {https://doi.org/10.5281/zenodo.3637654}
}


@article{XRL_survey,
  author    = {Erika Puiutta and
               Eric M. S. P. Veith},
  title     = {Explainable Reinforcement Learning: {A} Survey},
  journal   = {CoRR},
  volume    = {abs/2005.06247},
  year      = {2020}
}

@article{gottesman2019guidelines,
  title={Guidelines for reinforcement learning in healthcare},
  author={Gottesman, Omer and Johansson, Fredrik and Komorowski, Matthieu and Faisal, Aldo and Sontag, David and Doshi-Velez, Finale and Celi, Leo Anthony},
  journal={Nature medicine},
  volume={25},
  number={1},
  pages={16--18},
  year={2019},
}
  
@article{Tobias,
  author    = {Tobias Huber and
               Katharina Weitz and
               Elisabeth Andr{\'{e}} and
               Ofra Amir},
  title     = {Local and Global Explanations of Agent Behavior: Integrating Strategy
               Summaries with Saliency Maps},
  journal   = {CoRR},
  volume    = {abs/2005.08874},
  year      = {2020},
}

@inproceedings{liu2018toward,
  title={Toward interpretable deep reinforcement learning with linear model u-trees},
  author={Liu, Guiliang and Schulte, Oliver and Zhu, Wang and Li, Qingcan},
  booktitle={Joint European Conference on Machine Learning and Knowledge Discovery in Databases},
  pages={414--429},
  year={2018},
  organization={Springer}
}

@inproceedings{madumal2020explainable,
  title={Explainable reinforcement learning through a causal lens},
  author={Madumal, Prashan and Miller, Tim and Sonenberg, Liz and Vetere, Frank},
  booktitle={Proceedings of the AAAI Conference on Artificial Intelligence},
  volume={34},
  pages={2493--2500},
  year={2020}
}

@misc{highway-env,
  author = {Leurent, Edouard},
  title = {An Environment for Autonomous Driving Decision-Making},
  year = {2018},
  publisher = {GitHub},
  journal = {GitHub repository},
  howpublished = {\url{https://github.com/eleurent/highway-env}},
}

@article{hasselt2010double,
  title={Double Q-learning},
  author={Hasselt, Hado},
  journal={Advances in neural information processing systems},
  volume={23},
  pages={2613--2621},
  year={2010}
}

@article{wilcoxon1947probability,
  title={Probability tables for individual comparisons by ranking methods},
  author={Wilcoxon, Frank},
  journal={Biometrics},
  volume={3},
  number={3},
  pages={119--122},
  year={1947},
  publisher={JSTOR}
}

@article{watkins1992q,
  title={Q-learning},
  author={Watkins, Christopher JCH and Dayan, Peter},
  journal={Machine learning},
  volume={8},
  number={3-4},
  pages={279--292},
  year={1992},
  publisher={Springer}
}