@article{mero1984aHeuristicSearch,
  author = {Mero, Laszlo},
  journal = {Artificial Intelligence},
  number = 1,
  pages = {13 - 27},
  title = {A heuristic search algorithm with modifiable estimate},
  volume = 23,
  year = 1984
}

@article{FelnerZHSSZ11,
  author = {Felner, A. and Zahavi, U. and Holte, R. and Schaeffer, J. and Sturtevant, N. R. and Zhang, Z.},
  journal = {Artificial Intelligence},
  number = {9-10},
  pages = {1570-1603},
  title = {Inconsistent heuristics in theory and practice},
  volume = 175,
  year = 2011
}

@ARTICLE{6136239, 
author={Meaney, P.J. and Lastras-Montano, L.A. and Papazova, V.K. and Stephens, E. and Johnson, J.S. and Alves, L.C. and O'Connor, J.A. and Clarke, W.J.}, 
journal={IBM Journal of Research and Development}, 
title={{IBM} zEnterprise redundant array of independent memory subsystem}, 
year={2012}, 
volume={56}, 
number={1.2}, 
pages={4:1-4:11}}

@article{Binkert2011,
 author = {Binkert, N. and Beckmann, B. and Black, G. and Reinhardt, S. K. and Saidi, A. and Basu, A. and Hestness, J. and Hower, D. R. and Krishna, T. and Sardashti, S. and Sen, R. and Sewell, K. and Shoaib, M. and Vaish, N. and Hill, M. D. and Wood, D. A.},
 title = {The {Gem5} Simulator},
 journal = {SIGARCH Computer Archiecture. News},
 volume = {39},
 number = {2},
 year = {2011},
 issn = {0163-5964},
 pages = {1--7},
 numpages = {7},
 publisher = {ACM},
} 

@article{Cameron2005,
 author = {Cameron, K. W. and Ge, R. and Feng, X.},
 title = {High-Performance, Power-Aware Distributed Computing for Scientific Applications},
 journal = {Computer},
 volume = {38},
 number = {11},
 year = {2005},
 pages = {40--47},
 publisher = {IEEE Computer Society Press},
} 



@article{Liu2011,
 author = {Liu, S. and Pattabiraman, K. and Moscibroda, T. and Zorn, B. G.},
 title = {Flikker: Saving DRAM Refresh-power Through Critical Data Partitioning},
 journal = {SIGARCH Computer Architecture News},
 volume = {39},
 number = {1},
 year = {2011},
 pages = {213--224},
 publisher = {ACM},
} 


@INPROCEEDINGS{5695550, 
author={Vogelsang, T.}, 
booktitle={International Symposium on Microarchitecture}, 
title={Understanding the Energy Consumption of Dynamic Random Access Memories}, 
year={2010}, 
pages={363-374}}

@ARTICLE{974895, 
author={Hegde, R. and Shanbhag, N.R.}, 
journal={IEEE Transactions on Very Large Scale Integration Systems}, 
title={Soft digital signal processing}, 
year={2001}, 
volume={9}, 
number={6}, 
pages={813-823}}

@INPROCEEDINGS{5993675, 
author={Gupta, V. and Mohapatra, D. and S. P. Park and Raghunathan, A. and Roy, K.}, 
booktitle={International Symposium on Low Power Electronics and Design}, 
title={{IMPACT: IMPrecise adders for low-power approximate computing}}, 
year={2011}, 
pages={409-414}
}

@ARTICLE{5686921, 
author={Ik Joon Chang and Mohapatra, D. and Roy, K.}, 
journal={IEEE Transactions on Circuits and Systems for Video Technology}, 
title={A Priority-Based {6T/8T} Hybrid {SRAM} Architecture for Aggressive Voltage Scaling in Video Applications}, 
year={2011}, 
volume={21}, 
number={2}, 
pages={101-112}, }


@inproceedings{Liu:2011:FSD:1950365.1950391,
 author = {Liu, S. and Pattabiraman, K. and Moscibroda, T. and Zorn, B. G.},
 title = {Flikker: Saving DRAM Refresh-power Through Critical Data Partitioning},
 booktitle = {Proceedings of the International Conference on Architectural
               Support for Programming Languages and Operating Systems (ASPLOS)},
 year = {2011},
 pages = {213--224}
}

@inproceedings{Venkataramani:2015:ACQ:2744769.2751163,
 author = {Venkataramani, S. and Chakradhar, S. T. and Roy, K. and Raghunathan, A.},
 title = {Approximate Computing and the Quest for Computing Efficiency},
 booktitle = {DAC},
 year = {2015},
 pages = {120:1--120:6},
 articleno = {120},
 numpages = {6},
 publisher = {ACM},
}

@inproceedings{Misailovic:2014:CRA:2660193.2660231,
 author = {Misailovic, Sasa and Carbin, Michael and Achour, Sara and Qi, Zichao and Rinard, Martin C.},
 title = {Chisel: Reliability- and Accuracy-aware Optimization of Approximate Computational Kernels},
 booktitle = {Proceedings of the 2014 ACM International Conference on Object Oriented Programming Systems Languages \& Applications},
 series = {OOPSLA '14},
 year = {2014},
 isbn = {978-1-4503-2585-1},
 location = {Portland, Oregon, USA},
 pages = {309--328},
 numpages = {20},
 url = {http://doi.acm.org/10.1145/2660193.2660231},
 doi = {10.1145/2660193.2660231},
 acmid = {2660231},
 publisher = {ACM},
 address = {New York, NY, USA},
 keywords = {approximate computing},
}

@INPROCEEDINGS{7266869, 
author={Meza, J. and Qiang Wu and Kumar, S. and Mutlu, O.}, 
booktitle={Proceedings of the Annual International Conference on Dependable Systems
               and Networks ({DSN})}, 
title={Revisiting Memory Errors in Large-Scale Production Data Centers: Analysis and Modeling of New Trends from the Field}, 
year={2015}, 
pages={415-426}, 
}

@inproceedings{Luo:2014:CAM:2671853.2672438,
 author = {Luo, Y. and Govindan, S. and Sharma, B. and Santaniello, M. and Meza, J. and Kansal, A. and Liu, J. and Khessib, B. and Vaid, K. and Mutlu, O.},
 title = {Characterizing Application Memory Error Vulnerability to Optimize Datacenter Cost via Heterogeneous-Reliability Memory},
 booktitle = {DSN},
 year = {2014},
 pages = {467--478},
 numpages = {12},
 publisher = {IEEE},
} 

@INPROCEEDINGS{6517720, 
author={White, M. and MacNeal, K. and Cooper, M.}, 
booktitle={RAMS}, 
title={Reliability considerations of ULP scaled CMOS in spacecraft systems}, 
year={2013}, 
pages={1-6},}

@inproceedings{hatem2015recursive,
  author    = {Matthew Hatem and
               Scott Kiesel and
               Wheeler Ruml},
  title     = {Recursive Best-First Search with Bounded Overhead},
  booktitle = {AAAI},
  pages     = {1151--1157},
  year      = {2015}
}


@inproceedings{helmert2007flexible,
  title={Flexible Abstraction Heuristics for Optimal Sequential Planning.},
  author={Helmert, Malte and Haslum, Patrik and Hoffmann, J{\"o}rg},
  booktitle={ICAPS},
  pages={176--183},
  year={2007}
}


@inproceedings{valenzano2014comparison,
  title={A comparison of knowledge-based {GBFS} enhancements and knowledge-free exploration},
  author={Valenzano, R. and Schaeffer, J and Sturtevant, N and Xie, F.},
  booktitle={ICAPS},
  year={2014}
}



@article{ghallab1998pddl,
  title={PDDL-the planning domain definition language},
  author={Ghallab, M. and Knoblock, C. and Wilkins, D. and Barrett, A. and Christianson, D. and Friedman, M. and Kwok, C. and Golden, K. and Penberthy, S. and Smith, D. E},
  year={1998}
}

@inproceedings{brodal2007optimal,
  author    = {Gerth St{\o}lting Brodal and
               Rolf Fagerberg and
               Irene Finocchi and
               Fabrizio Grandoni and
               Giuseppe F. Italiano and
               Allan Gr{\o}nlund J{\o}rgensen and
               Gabriel Moruz and
               Thomas M{\o}lhave},
  title     = {Optimal Resilient Dynamic Dictionaries},
  booktitle = {Proceedings of the Annual European Symposium on Algorithms (ESA)},
  pages     = {347--358},
  year      = {2007}
}



@inproceedings{finocchi2007resilient,
  title={Resilient search trees},
  author={Finocchi, I. and Grandoni, F. and Italiano, G. F.},
  booktitle={{ACM-SIAM symposium on Discrete Algorithms}},
  pages={547--553},
  year={2007},
}


@inproceedings{jorgensen2007priority,
  title={Priority queues resilient to memory faults},
  author={J{\o}rgensen, A. G. and Moruz, G. and M{\o}lhave, T.},
  booktitle={Proceedings of the International Workshop on Algorithms and Data Structures (WADS)},
  pages={127--138},
  year={2007}
}


@article{finocchi2007designing,
  title={Designing reliable algorithms in unreliable memories},
  author={Finocchi, I. and Grandoni, F. and Italiano, G. F},
  journal={Computer Science Review},
  volume={1},
  number={2},
  pages={77--87},
  year={2007},
  publisher={Elsevier}
}


@Article{McGovernW11,
  title =	"Machine learning in space: extending our reach",
  author =	"A. McGovern and K. L. Wagstaff",
  journal =	"Machine Learning",
  year = 	"2011",
  number =	"3",
  volume =	"84",
  pages =	"335--340",
}

@Article{GiesekeMV12,
  title =	"Resilient k-d trees: k-means in space revisited",
  author =	"F. Gieseke and G. Moruz and J. Vahrenhold",
  journal =	"Frontiers of Computer Science",
  year = 	"2012",
  number =	"2",
  volume =	"6",
  pages =	"166--178",
}

@InProceedings{Castano2005,
  title =	"Learning classifiers for science event detection in remote sensing imagery",
  author =	"R. Castano and D. Mazzoni and N. Tang and T. Doggett and S. Chien and R. Greeley and B. Cichy and and A. Davies",
  year = 	"2005",
   booktitle =	"Symposium on Artificial Intelligence, Robotics and Automation in Space",
}

@Article{Kanetal2002,
  author =	"T. Kanungo and D.~M. Mount and Netanyahu N.~S and
		 C.~D. Piatko and R. Silverman and A.~Y. Wu",
  title =	"Efficient $k$-means clustering algorithm: analysis and
		 implementation",
  journal =	"{IEEE} Transactions on Pattern Analysis and Machine Learning",
  year = 	"2002",
  volume =	"24",
  pages =	"881--892",
}


@InProceedings{Wagstaff_kmeansin,
  title =	"{K}-means in Space: A Radiation Sensitivity Evaluation",
  author =	"K. L. Wagstaff and B. Bornstein",
  year = 	"2009",
   booktitle =	"ICML",
pages = {1097--1104},
}


@inproceedings{HelmertL10,
  author = {Helmert, M. and Lasinger, H.},
  pages = {234-237},
  booktitle =	"ICAPS",
  title = {The Scanalyzer Domain: Greenhouse Logistics as a Planning Problem.},
  year = 2010
}



@INPROCEEDINGS{Edelkamp01planningwith,
    author = {S. Edelkamp},
    title = {Planning with Pattern Databases},
    booktitle = {European Conference on Planning},
    year = {2001},
    pages = {13--24}
}

@INPROCEEDINGS{barleyFR2014,
    author = {M. Barley and S. Franco and P. Riddle},
    title = {Overcoming the Utility Problem in Heuristic Generation: Why Time Matters},
  booktitle =	"ICAPS",
    year = {2014},
    pages = {38--46}
}


@article{sidiropoulos2013jitpr,
  title={JITPR: A framework for supporting fast application's implementation onto FPGAs},
  author={Sidiropoulos, Harry and Siozios, Kostas and Figuli, Peter and Soudris, Dimitrios and H{\"u}bner, Michael and Becker, J{\"u}rgen},
  journal={ACM Transactions on Reconfigurable Technology and Systems (TRETS)},
  volume={6},
  number={2},
  pages={7},
  year={2013},
  publisher={ACM}
}

@InProceedings{ZahaviFSS07,
  title =	"Inconsistent Heuristics",
  author =	"U. Zahavi and A. Felner and J. Schaeffer and
		 N. R. Sturtevant",
  publisher =	"AAAI Press",
  year = 	"2007",
   booktitle =	"Proceedings of the {AAAI} Conference on
		 Artificial Intelligence",
  pages =	"1211--1216",
}

@InProceedings{NissimHH11,
  title =	"Computing Perfect Heuristics in Polynomial Time: On
		 Bisimulation and Merge-and-Shrink Abstraction in
		 Optimal Planning",
  author =	"R. Nissim and J. Hoffmann and M. Helmert",
  booktitle =	"Proceedings of the International
		 Joint Conference on Artificial Intelligence",
  publisher =	"AAAI",
  year = 	"2011",
  ISBN = 	"978-1-57735-516-8",
  pages =	"1983--1990",
}

@Article{bb42244,
  author =	"R. Dechter and R. Mateescu",
  title =	"{AND}/{OR} search spaces for graphical models",
  journal =	"Artif. Intell.",
  volume =	"171",
  year = 	"2007",
  number =	"2-3",
  pages =	"73--106",
}

@InProceedings{RaynerSB13,
  title =	"Subset Selection of Search Heuristics",
  author =	"D. C. Rayner and N. R. Sturtevant and M.
		 Bowling",
  booktitle =	"Proceedings of the International
		 Joint Conference on Artificial Intelligence",
  publisher =	"AAAI Press",
  year = 	"2013",
  pages = "637--643"
}

@Article{holte2006a,
  author =	"R. C. Holte and A. Felner and J. Newton and
		 R. Meshulam and D. Furcy",
  title =	"Maximizing over Multiple Pattern Databases Speeds up
		 Heuristic Search",
  journal =	"Artif. Intell.",
  year = 	"2006",
  volume =	"170",
  number =	"16--17",
  pages =	"1123--1136",
}

@Book{dechter_r:2003a,
  author =	"R. Dechter",
  title =	"Constraint Processing",
  publisher =	"Morgan Kaufmann",
  year = 	"2003",
  address =	"San Francisco",
}

@Article{XHHLB08,
  title =	"SATzilla: Portfolio-based Algorithm Selection for SAT",
  author =	"L. Xu, F. Hutter, H. H. Hoos, K. Leyton-Brown",
  journal =	"Journal of Artificial Intelligence Research",
  year = 	"2008",
  volume =	"32",
  pages =	"565--606",
}

@PhDThesis{LelisPhD13,
  title =	"Cluster-and-Conquer: a Paradigm for Solving State-Space Problems",
  author =	"L. H. S. Lelis",
  publisher =	"Department of Computing Science, University of Alberta",
  year = 	"2013",
  school =	"University of Alberta",
}

@InProceedings{ThayerSL12,
  title =	"Are We There Yet? - Estimating Search Progress",
  author =	"J. T. Thayer and R. Stern and L. H. S.
		 Lelis",
  booktitle =	"Proceedings of the Fifth Annual Symposium on
		 Combinatorial Search",
  publisher =	"AAAI Press",
  year = 	"2012",
  pages = {129 -- 136}
}

@inproceedings{Holte13,
  author    = {R. C. Holte},
  title     = {Korf's Conjecture and the Future of Abstraction-Based Heuristics},
  booktitle = {Proceedings of the Tenth Symposium on Abstraction, Reformulation,
               and Approximation},
 publisher = {AAAI},
  year      = {2013},
}

@Article{Prieditis,
  author =	"A. E. Prieditis",
  year = 	"1993",
  title =	"Machine discovery of effective admissible heuristics",
  journal =	"Machine Learning",
  volume =	"12",
  number =	"1--3",
  month =	aug,
  pages =	"117--141",
}

@Article{Rein94a,
  author =	"A. Reinefeld and T. A. Marsland",
  title =	"Enhanced Iterative-Deepening Search",
  journal =	"IEEE Transactions on Pattern Analysis and Machine
		 Intelligence",
  year = 	"1994",
  volume =	"16",
  number =	"7",
  pages =	"701--710",
  avcode =	"available -- EPFL",
}

@InProceedings{LarsenBRH10,
  title =	"Searching Without a Heuristic: Efficient Use of
		 Abstraction",
  author =	"B. J. Larsen and E. Burns and W. Ruml
		 and R. Holte",
   booktitle =	"Proceedings of the {AAAI} Conference on
		 Artificial Intelligence",
  publisher =	"AAAI Press",
  year = 	"2010",
  pages = "114-120"
}

@InProceedings{holte96,
  author =	"R. C. Holte and M. B. Perez and R. M. Zimmer and
		 A. J. MacDonald",
  title =	"Hierarchical {A*}: Searching Abstraction Hierarchies
		 Efficiently",
  pages =	"530--535",
  ISBN = 	"0-262-51091-X",
  booktitle =	"Proceedings of the Thirteenth National Conference on
		 Artificial Intelligence and the Eighth Innovative
		 Applications of Artificial Intelligence Conference",
  month =	aug # "~4--8",
  publisher =	"AAAI Press / MIT Press",
  address =	"Menlo Park",
  year = 	"1996",
}

@InProceedings{HolteGT05,
  title =	"Hierarchical Heuristic Search Revisited",
  author =	"R. C. Holte and J. Grajkowski and B. Tanner",
  booktitle =	"Abstraction, Reformulation and Approximation, 6th
		 International Symposium",
  publisher =	"Springer",
  year = 	"2005",
  volume =	"3607",
  editor =	"Jean-Daniel Zucker and Lorenza Saitta",
  ISBN = 	"3-540-27872-9",
  pages =	"121--133",
  series =	"Lecture Notes in Computer Science",
  URL =  	"http://dx.doi.org/10.1007/11527862_9",
}

@InProceedings{LiHH05,
  title =	"{IDA}* {MCSP}: a fast exact {MCSP} algorithm",
  author =	"Y. Li and J. J. Harms and R. Holte",
  publisher =	"IEEE Press",
  year = 	"2005",
  bibdate =	"2013-03-01",
  bibsource =	"DBLP,
		 http://dblp.uni-trier.de/db/conf/icc/icc2005.html#LiHH05",
  booktitle =	"ICC",
  crossref =	"conf/icc/2005",
  ISBN = 	"0-7803-8938-7",
  pages =	"93--99",
  URL =  	"http://ieeexplore.ieee.org/xpl/mostRecentIssue.jsp?punumber=9996",
}

@InProceedings{KorfW2000,
  title =	"Divide-and-conquer Frontier Search Applied to Optimal Sequence Alignment",
  author =	"R. Korf",
  booktitle =	"Proceedings of the {AAAI} Conference on
		 Artificial Intelligence",
  publisher =	"AAAI Press",
  year = 	"2000",
  pages = "910-916"
}

@InProceedings{Korf1996,
  title =	"A New Algorithm for Optimal Bin Packing",
  author =	"R. Korf",
  booktitle =	"Proceedings of the {AAAI} Conference on
		 Artificial Intelligence",
  publisher =	"AAAI Press",
  year = 	"2002",
  pages = "731-736"
}

@Article{korf1998,
  author =	"R. Korf",
  title =	"A Complete Anytime Algorithm for Number Partitioning",
  journal =	"Artif. Intell.",
  volume =	"106",
  year = 	"1998",
  number =	"2",
  pages =	"181-203",
}

@InProceedings{HeifetsJ12,
  title =	"Construction of New Medicines via Game Proof Search",
  author =	"A. Heifets and I. Jurisica",
  booktitle =	"Proceedings of the {AAAI} Conference on
		 Artificial Intelligence",
  publisher =	"AAAI Press",
  year = 	"2012",
  pages = "1564-1570",
  
}

@InProceedings{BurchHMOS10,
  title =	"Automating Layouts of Sewers in Subdivisions",
  author =	"N. Burch and R. C. Holte and M. M{\"u}ller
		 and D. O'Connell and J. Schaeffer",
  booktitle =	"Proceedings of the European Conference on Artificial
		 Intelligence",
  publisher =	"IOS Press",
  year = 	"2010",
  volume =	"215",
  ISBN = 	"978-1-60750-605-8",
  pages =	"655--660",
  series =	"Frontiers in Artificial Intelligence and
		 Applications",
}

@MastersThesis{grover08,
  title =	"Active Learning and its Application to Heteroscedastic Problems",
  author =	"V. Grover",
  publisher =	"Department of Computing Science, University of Alberta",
  year = 	"2008",
  school =	"University of Alberta",
}


@Article{Parberry95,
  title =	"A Real-Time Algorithm for the (n{${}^2$}-1)-Puzzle",
  author =	"I. Parberry",
  journal =	"Information Processing Letters",
  year = 	"1995",
  number =	"1",
  volume =	"56",
  pages =	"23--28",
}

@inproceedings{lelisOD2013,
  author    = {L. H. S. Lelis and L. Otten and R. Dechter},
  title     = {Predicting the Size of Depth-First Branch and Bound Search
Trees},
  booktitle = {International Joint Conference on Artificial Intelligence},
  year      = {2013},
  pages = {594 -- 600}
}


@inproceedings{lelis2013,
  author    = {L. H. S. Lelis},
  title     = {Active Stratified Sampling with Clustering-Based Type Systems for Predicting the Search Tree Size of Problems with Real-Valued Heuristics},
  booktitle = {Proceedings of the Symposium on Combinatorial Search},
  year      = {2013},
    publisher =	"AAAI Press",
  pages = {123-131}
}


@inproceedings{lelis2011costprediction,
  author    = {L. Lelis and R. Stern and S. {Jabbari Arfaee}},
  title     = {Predicting Solution Cost With Condiditional Probabilities},
  booktitle = {Proceedings of the Symposium on Combinatorial Search},
  year      = {2011},
    publisher =	"AAAI Press",
  pages = {100--107}
}


@inproceedings{lelisJAZH2012,
  author    = {L. H. S. Lelis and S. {Jabbari Arfaee} S. Zilles and R. C. Holte},
  title     = {Learning Heuristic Functions Faster by Using Predicted Solution Costs},
  booktitle = {Proceedings of the Symposium on Combinatorial Search},
  year      = {2012},
    publisher =	"AAAI Press",
  pages = {166--167}
}

@InProceedings{biss,
  title =	"Predicting Optimal Solution Cost with Bidirectional Stratified Sampling",
  author =	"L. Lelis and R. Stern and A. Felner and S. Zilles and R. C. Holte",
  booktitle =	"ICAPS",
  publisher =	"AAAI Press",
  pages = {155--163},
  year = 	"2012"
}

@article{LelisZH2013b,
  author    = {L. H. S. Lelis and
               S. Zilles and
               R. C. Holte},
  title     = {Predicting the {S}ize of {IDA}*'s {S}earch {T}ree},
  journal   = {Artificial Intelligence},
  year      = {2013},
  pages = {53--76}
}

@inproceedings{lelisZH2013,
  author    = {L. H. S. Lelis and S. Zilles and R. C. Holte},
  title     = {Stratified {T}ree {S}earch: a Novel Suboptimal Heuristic Search Algorithm},
  booktitle = {AAMAS},
  year      = {2013},
  pages   = {555--562}
}


@InProceedings{Korf1992,
  title =	"Linear-Space Best-First Search: Summary of Results",
  author =	"R. E. Korf",
  booktitle =	"AAAI",
  year = 	"1992",
  pages =	"588--588",
}

@inproceedings{Holte2014,
author = {R. C. Holte},
title = {Korf's Conjecture and the Future of Abstraction-based Heuristics},
booktitle = {Workshop on Heuristics and Search for Domain-independent Planning},
year = {2014},
}



@inproceedings{ResourceConstraintNakhostICAPS,
author = {Nakhost, H. and Hoffmann, J. and M{\"u}ller, M.},
title = {Resource-Constrained Planning: A {Monte Carlo} Random Walk Approach},
booktitle = {ICAPS},
pages = {181--189},
year = {2012},
}

@InProceedings{ZhouH05,
  title =	"Beam-Stack Search: Integrating Backtracking with Beam
		 Search",
  author =	"R. Zhou and E. A. Hansen",
  booktitle =	"ICAPS",
  publisher =	"AAAI",
  year = 	"2005",
  pages =	"90--98",
}

@INPROCEEDINGS{LAMA2011,
 AUTHOR       = "Richter, S. and Westphal, M. and Helmert, M.",
 TITLE        = "{LAMA} 2008 and 2011",
crossref  = {IPC-2011-booklet},
    pages = {50--54},
 YEAR         = "2011"
}

@proceedings{IPC-2011-booklet,
 EDITOR = "Garc\'{\i}a-Olaya, \'{A}. and Jim\'{e}nez, S. and Linares
L\'{o}pez, C.",
title     = {The 2011 International Planning Competition},
 BOOKTITLE         = "The 2011 International Planning Competition",
publisher = {Universidad Carlos III de Madrid},
year      = {2011}
}

@inproceedings{Imai11,
  author    = {T. Imai and A. Kishimoto},
  title     = {A Novel Technique for Avoiding Plateaus of Greedy Best-First Search in Satisficing Planning},
  booktitle =	"Proceedings of the {AAAI} Conference on
		 Artificial Intelligence",
  publisher =	"AAAI Press",
  year      = {2011},
  pages     = {985-991}
}

@InProceedings{XieNM12,
  title =	"Planning Via Random Walk-Driven Local Search",
  author =	"F. Xie and H. Nakhost and M. M{\"u}ller",
  booktitle =	"ICAPS",
  publisher =	"AAAI",
  year = 	"2012",
  pages = "315-322",
  }

@InProceedings{NakhostM09,
  title =	"Monte-{C}arlo Exploration for Deterministic Planning",
  author =	"H. Nakhost and M. M{\"u}ller",
  booktitle =	"Proceedings of the International
		 Joint Conference on Artificial Intelligence",
  year = 	"2009",
  pages =	"1766--1771",
}


@inproceedings{lama_aaai,
author = {Silvia Richter and
Malte Helmert and
Matthias Westphal},
title = {Landmarks Revisited},
booktitle = {AAAI},
year = {2008},
pages = {975-982},
crossref = {DBLP:conf/aaai/2008},
bibsource = {DBLP, http://dblp.uni-trier.de}
}

@proceedings{DBLP:conf/aaai/2008,
editor = {Dieter Fox and
Carla P. Gomes},
title = {Proceedings of the {AAAI} Conference on Artificial
Intelligence},
publisher = {AAAI Press},
year = {2008},
isbn = {978-1-57735-368-3},
}

@Article{Helmert06,
  title =	"The Fast Downward Planning System",
  author =	"M. Helmert",
  journal =	"Journal of Artificial Intelligence Research",
  year = 	"2006",
  volume =	"26",
  pages =	"191--246",
}

@Book{HoosS2004,
  title =	"Stochastic Local Search: Foundations \& Applications",
  author =	"H. H. Hoos and T. St{\"u}tzle",
  publisher =	"Elsevier / Morgan Kaufmann",
  year = 	"2004",
  bibdate =	"2007-09-17",
  ISBN = 	"1-55860-872-9",
}

@Article{LubSinZuc93,
  author =	"M. Luby and A. Sinclair and D. Zuckerman",
  title =	"Optimal Speedup of {L}as {V}egas Algorithms",
  journal =	"IPL: Information Processing Letters",
  volume =	"47",
  year = 	"1993",
}

@inbook{Bisiani,
author = {R. Bisiani},
chapter = {Beam Search},
pages = "56--58",
crossref = {ShapiroAI}
}

@book{ShapiroAI,
editor = {S. Shapiro}, 
title      = {Encyclopedia of Artificial Intelligence},
booktitle = {Encyclopedia of Artificial Intelligence},
publisher = {Wiley \& Sons},
year = 1987
}


@InProceedings{FurcyK05,
  title =	"Limited Discrepancy Beam Search",
  author =	"D. Furcy and S. Koenig",
  booktitle =	"Proceedings of the International Joint Conference on Artificial Intelligence",
  year = 	"2005",
  ISBN = 	"0938075934",
  pages =	"125--131",
}

@techreport{settles10,
    author    = "B. Settles",
    title     = "Active Learning Literature Survey",
    institution = "Computer Sciences. University of Wisconsin--Madison",
    year      = "2010",
    number   = "1648",
}

  @Article{slaney-thiebaux:2001a,
  author =	"J. Slaney and S. Thi\'ebaux",
  title =	"Blocks World Revisited",
  journal =	"Artif. Intell.",
  year = 	"2001",
  volume =	"125",
  number =	"1--2",
  pages =	"119--153",
}
 
  @InProceedings{Helmert10,
  title =	"Landmark Heuristics for the Pancake Problem",
  author =	"M. Helmert",
  booktitle =	"Proceedings of the Symposium on
		 Combinatorial Search",
  publisher =	"AAAI Press",
  year = 	"2010",
  pages = {109-110},
}

@InProceedings{RichterHW08,
  title =	"Landmarks Revisited",
  author =	"S. Richter and M. Helmert and M. Westphal",
  booktitle =	"Proceedings of the {AAAI} Conference on
		 Artificial Intelligence",
  publisher =	"AAAI Press",
  year = 	"2008",
  ISBN = 	"978-1-57735-368-3",
  pages =	"975--982",
}

@Article{HofNeb2001,
  author =	"J. Hoffmann and B. Nebel",
  title =	"The {FF} Planning System: Fast Plan Generation Through
		 Heuristic Search",
  journal =	"Journal of Artificial Intelligence Research",
  year = 	"2001",
  volume =	"14",
  pages =	"253--302",
}

@Article{bonetgeffner2001a,
  author =	"Blai Bonet and H\'ector Geffner",
  title =	"Planning as Heuristic Search",
  journal =	"Artif. Intell.",
  year = 	"2001",
  volume =	"129",
  number =	"1--2",
  pages =	"5--33",
  topic =	"heuristics;search;planning;",
}

 @Article{KorFel02,
  author =	"R. Korf and A. Felner",
  title =	"Disjoint Pattern Database Heuristics",
  journal =	"Artif. Intell.",
  volume =	"134",
  pages ="9--22",
  year = 	"2002",
}

@inproceedings{Misconceptions,
  author    = {R. C. Holte},
  title     = {Common Misconceptions Concerning Heuristic Search},
  booktitle = {Proceedings of the Symposium on Combinatorial
               Search},
  year      = {2010},
  publisher =	"AAAI Press",
  pages   = {46-51},
}

 @Article{zahavi08a,
  author =	"U. Zahavi and A. Felner and R. C. Holte and
		 J. Schaeffer",
  title =	"Duality in Permutation State Spaces and the Dual
		 Search Algorithm",
  journal =	"Artif. Intell.",
  year = 	"2008",
  volume =	"172",
  number =	"4--5",
  pages =	"514--540",
}

@article{YoonFG08,
  author    = {S. W. Yoon and
               A. Fern and
               R. Givan},
  title     = {Learning Control Knowledge for Forward Search Planning},
  journal   = {Journal of Machine Learning Research},
  volume    = {9},
  year      = {2008},
  pages     = {683-718},
}

@Article{Korf08,
  title =	"Linear-time disk-based implicit graph search",
  author =	"R. E. Korf",
  journal =	"Journal of the ACM",
  year = 	"2008",
  number =	"6",
  volume =	"55",
  pages = {26:1--26:40},
}


@Article{Korf:1993,
  author =	"R. E. Korf",
  year = 	"1993",
  title =	"Linear-space best-first search",
  journal =	"Artif. Intell.",
  volume =	"62",
  number ="1",
  pages =	"41--78",
}

@InProceedings{RichterH09,
  title =	"Preferred Operators and Deferred Evaluation in
		 Satisficing Planning",
  author =	"S. Richter and M. Helmert",
  booktitle =	"ICAPS",
  year = 	"2009",
  pages = "273-280"
}

@InProceedings{Chenoweth91,
  author =	"S. V. Chenoweth and H. W. Davis",
  title =	"High Performance {A}* Search Using Rapidly Growing
		 Heuristics",
  		 booktitle =	"International Joint Conference on Artificial Intelligence",
  year = 	"1991",
}

 @inproceedings{Harvey1995,
author = {Harvey, W. D. and Ginsberg, M. L.},
booktitle = {Proceedings of the International Joint Conference on Artificial Intelligence},
pages = {607--613},
title = {{Limited discrepancy search}},
year = {1995}
}
 
 @InCollection{Balas85,
  author =	"E. Balas and P. Toth",
  editor =	"E. L. Lawler and J. K. Lenstra and A. H. G. Rinnooy
		 Kart and D. B. Shmoys",
  title =	"Branch and Bound Methods",
  booktitle =	"The Traveling Salesman Problem: A Guided Tour of
		 Combinatorial Optimization",
  publisher =	"John Wiley \& Sons",
  address =	"New York",
  year = 	"1985",
  keywords =	"TSP,",
  abstract =	"Typo source Lenstra first initial.",
}

 @article{DBLP:journals/aicom/OttenD12,
  author    = {L. Otten and
               R. Dechter},
  title     = {Anytime {AND/OR} depth-first search for combinatorial optimization},
  journal   = {AI Communications},
  volume    = {25},
  number    = {3},
  year      = {2012},
  pages     = {211-227},
  }

@inproceedings{DBLP:conf/uai/OttenD12,
  author    = {L. Otten and
               R. Dechter},
  title     = {A Case Study in Complexity Estimation: Towards Parallel
               Branch-and-Bound over Graphical Models},
  booktitle = {Proceedings of the Conference on Uncertainty
               in Artificial Intelligence},
  year      = {2012},
  pages     = {665-674},
}
 
 @InProceedings{ags-almb-08,
  author =	"Andr{\'{a}}s Antos and Varun Grover and Csaba
		 Szepesv{\'{a}}ri",
  title =	"Active Learning in Multi-armed Bandits",
  booktitle =	"Proceedings of the Conference on Algorithmic Learning Theory",
  series =	"Lecture Notes in Artificial Intelligence",
  volume =	"5254",
  publisher =	"Springer",
  year = 	"2008",
  pages =	"287--302",
}


@article{kalev2000a,
   author = " K. Kask and R. Dechter",
   title =  "A general Scheme for Automatic Search Heuristics from Specification Dependencies",
   journal = "Artif. Intell.",
   pages = "91-131",
   year = "2001",
}

  @Article{purdom1978,
  author =	"P. W. Purdom",
  title =	"Tree Size by Partial Backtracking",
  journal =	"SIAM Journal of Computing",
  number =	"4",
  pages =	"481--491",
  volume =	"7",
  year = 	"1978",
}

  @Article{EtoreJourdain2007,
  author =	"P. Etore and B. Jourdain",
  title =	"Adaptive optimal allocation in stratified sampling
		 methods",
  journal =	"Methodology and Computing in Applied Probability",
  month =	September,
  number =	"3",
  pages =	"335--360",
  volume =	"12",
  year = 	"2010",
}
 

  @book{pearl88,
   author = "J. Pearl",
   title = "Probabilistic Reasoning in Intelligent Systems",
   publisher = "Morgan Kaufmann",
   year = 1988
}
  
  @InProceedings{mcqueen67,
  author =	"J. B. {McQueen}",
  title =	"Some Methods of Classification and Analysis of
		 Multivariate Observations",
  booktitle =	"Berkeley Symposium on
		 Mathematical Statistics and Probability",
  year = 	"1967",
  pages =	"281--297",
  keywords =	"K-Means, clustering"
}
 
 @book{nilsson-book,
   author = "N. Nilsson",
   title = "Principles of Artificial Intelligence",
   publisher = "Morgan Kaufmann",
   year = 1980
}
 
 @inproceedings{HaimW08,
  author    = {S. Haim and
               T. Walsh},
  title     = {Online Estimation of {SAT} Solving Runtime},
  booktitle = {Proceedings of the International Conference on Theory and Applications of Satisfiability Testing},
  year      = {2008},
  pages     = {133-138},
  publisher = {Springer},
  series    = {Lecture Notes in Computer Science},
  volume    = {4996},
}

@inproceedings{EPEA2012,
  author    = {A. Felner and M. Goldenberg and G. Sharon and R. Stern and N. Sturtevant and R. C. Holte and J. Schaeffer},
  title     = {Partial-expansion A* with Selective Node Generation},
  booktitle =	"Proceedings of the {AAAI} Conference on
		 Artificial Intelligence",
  publisher =	"AAAI Press",
  year      = {2012},
}

@inproceedings{lelisZH2012,
  author    = {L. H. S. Lelis and S. Zilles and R. C. Holte},
  title     = {Fast and Accurate Predictions of {IDA}*'s Performance},
  booktitle =	"Proceedings of the {AAAI} Conference on
		 Artificial Intelligence",
  publisher =	"AAAI Press",
  year      = {2012},
  pages = {514-520},
}

@InProceedings{BresinaDS95,
  title =	"Expected Solution Quality",
  author =	"J. L. Bresina and M. Drummond and K. Swanson",
  year = 	"1995",
  booktitle =	"Proceedings of the International Joint Conference on Artificial Intelligence",
  pages =	"1583--1591",
}

@InProceedings{LobjoisL98,
  author =	"L. Lobjois and M. Lema{\^\i}tre",
  title =	"Branch and Bound Algorithm Selection by Performance
		 Prediction",
  pages =	"353--358",
  ISBN = 	"0-262-51098-7",
  booktitle =	"Proceedings of the {AAAI} Conference on
		 Artificial Intelligence",
  publisher =	"AAAI Press",
  year = 	"1998",
}

@inproceedings{Allen:1996:SRH,
 author    = {J. A. Allen and
               S. Minton},
  title     = {Selecting the Right Heuristic Algorithm: Runtime Performance
               Predictors},
  booktitle = {Proceedings of the Canadian Conference on Artificial Intelligence},
  year      = {1996},
  pages     = {41-53},
  publisher = {Springer},
  series    = {Lecture Notes in Computer Science},
  volume    = {1081},
}

@inproceedings{BurnsR12,
   author="E. Burns and W. Ruml",
       title="Iterative-Deepening Search with On-line Tree Size Prediction",
       booktitle=" Proceedings of the International Conference on Learning and Intelligent Optimization",
       year= "2012",
       pages ="1-15",
}

@PhdThesis{ChenPhD89,
  title =	"Heuristic Sampling on Backtrack Trees",
  author =	"P.-C. Chen",
  publisher =	"Stanford, Calif. :Dept. of Computer Science, Stanford
		 University,",
  year = 	"1989",
  annote =	"Stanford University.--Computer Science Dept.",
  bibsource =	"OAI-PMH server at alcme.oclc.org",
  description =  "{"}May 1989.{"}; Thesis (Ph. D.)--Stanford University,
		 1989.; Bibliography: p. 153-156.",
  oai =  	"oai:xtcat.oclc.org:OCLCNo/ocm20243985",
  school =	"Stanford University",
  subject =	"Heuristic programming.; Combinatorial optimization.;
		 Algorithms.",
}

@Article{Chen92,
  author =	"P.-C. Chen",
  title =	"Heuristic Sampling: {A} Method for Predicting the
		 Performance of Tree Searching Programs",
  journal =	"SIAM Journal on Computing",
  volume =	"21",
  pages =  "295--315",
  year = 	"1992",
}

@article{ZillesH10,
  author    = {S. Zilles and
               R. C. Holte},
  title     = {The computational complexity of avoiding spurious states
               in state space abstraction},
  journal   = {Artificial Intelligence},
  volume    = {174},
  number    = {14},
  year      = {2010},
  pages     = {1072-1092},
}

@article{ArfaeeZH11,
  author    = {S. {Jabbari Arfaee} and
               S. Zilles and
               R. C. Holte},
  title     = {Learning heuristic functions for large state spaces},
  journal   = {Artificial Intelligence},
  volume    = {175},
  number    = {16-17},
  year      = {2011},
  pages     = {2075-2098},
}

 @InProceedings{Breyer08,
  title =	"Recent results in analyzing the performance of heuristic search",
  author =	"T. Breyer and R. Korf",
  year = 	"2008",
  booktitle =	"In Proceedings of the First International Workshop on Search in Artificial Intelligence and Robotics",
  pages =	"24--31",
}

 @InProceedings{Korf07,
  title =	"Analyzing the Performance of Pattern Database
		 Heuristics",
  author =	"R. E. Korf",
  booktitle =	"Proceedings of the {AAAI} Conference on
		 Artificial Intelligence",
  publisher =	"AAAI Press",
  year = 	"2007",
  ISBN = 	"978-1-57735-323-2",
  pages =	"1164--1170",
}
 
 @InProceedings{Haslum07,
  title =	"Domain-Independent Construction of Pattern Database
		 Heuristics for Cost-Optimal Planning",
  author =	"P. Haslum and A. Botea and M. Helmert and B.
		 Bonet and S. Koenig",
  year = 	"2007",
  booktitle =	"AAAI",
    pages =	"1007--1012",
}
 
 @InProceedings{Kilby06,
  title =	"Estimating Search Tree Size",
  author =	"P. Kilby and J. K. Slaney and S. Thi{\'e}baux and T. Walsh",
  year = 	"2006",
  booktitle =	"Proceedings of the {AAAI} Conference on
		 Artificial Intelligence",
  publisher =	"AAAI Press",
    pages = "1014-1019",
}
 
 @Article{purdom78,
  author =	"P. W. Purdom",
  title =	"Tree Size by Partial Backtracking",
  journal =	"SIAM Journal of Computing",
  month =	nov,
  number =	"4",
  pages =	"481--491",
  volume =	"7",
  year = 	"1978",
}
 
 @Article{Knuth75,
  author =	"D. E. Knuth",
  title =	"Estimating the Efficiency of Backtrack Programs",
  journal =	"Mathematics of Computation",
  volume =	 "29",
  year = 	"1975",
  pages = "121--136"
}
 
 @InProceedings{KorfF07,
  title =	"Recent Progress in Heuristic Search: {A} Case Study of
		 the Four-Peg {T}owers of {H}anoi Problem",
  author =	"R. E. Korf and A. Felner",
  booktitle =	"Proceedings of the International
		 Joint Conference on Artificial Intelligence",
  year = 	"2007",
  pages =	"2324--2329"
}

 
 @ARTICLE{pancake,
 AUTHOR = "Dweighter, H.",
 TITLE = "Problem {E2569}",
 JOURNAL = "American Mathematical Monthly",
 VOLUME = 82,
 YEAR = 1975,
 PAGES = "1010"
}

@ARTICLE{Archer99,
    author = {A. F. Archer},
    title = {A Modern Treatment of the 15-Puzzle},
    journal = {American Mathematical Monthly},
    year = {1999},
    volume = {106},
    pages = {793--799}
}

@book{SlocumS06,
     author="J. Slocum and D. Sonneveld",
     title="The 15 Puzzle",
     publisher="Slocum Puzzle Foundation",
     year=2006}

@InProceedings{BurchH11,
  title =	"Automatic Move Pruning in General Single-Player
		 Games",
  author =	"N. Burch and R. C. Holte",
  booktitle =	"Proceedings of the Symposium on
		 Combinatorial Search",
  publisher =	"AAAI Press",
  year = 	"2011",
  pages = "31-38",
}

@InProceedings{Korf97,
  title =	"Finding Optimal Solutions to {R}ubik's {C}ube Using
		 Pattern Databases",
  author =	"R. E. Korf",
  year = 	"1997",
  booktitle =	"AAAI",
  pages =	"700--705",
}

@TECHREPORT{psvn,
  AUTHOR = " R.C. Holte and B. Arneson and N. Burch",
  TITLE = {{PSVN} Manual (June 20, 2014)},
  INSTITUTION = "University of Alberta",
  number = "14-03",
  YEAR = 2014
}

@TECHREPORT{burns11,
  AUTHOR = "E. Burns and W. Ruml",
  TITLE = "On-line Tree Size Prediction using Incremental Models",
  INSTITUTION = " University of New Hampshire Computer Science",
  number = "11-01",
  YEAR = 2011
}


@TECHREPORT{pdb94,
  AUTHOR = "Culberson, J. C. and Schaeffer, J.",
  TITLE = "Efficiently Searching the 15-Puzzle",
  INSTITUTION = "Department of Computer Science, University of Alberta",
  number = "94-08",
  YEAR = 1994
}

@Article{KorfRE01,
  title =	"Time complexity of {I}terative-{D}eepening-{A}$^*$",
  author =	"R. E. Korf and M. Reid and S. Edelkamp",
  journal =	"Artif. Intell.",
  year = 	"2001",
  number =	"1-2",
  volume =	"129",
  pages =	"199--218",
}

@inproceedings{korf98,
  author    = {R. E. Korf and
               M. Reid},
  title     = {Complexity Analysis of Admissible Heuristic Search},
  booktitle =	"Proceedings of the {AAAI} Conference on
		 Artificial Intelligence",
  publisher =	"AAAI Press",
  year      = {1998},
  pages     = {305-310},
  bibsource = {DBLP, http://dblp.uni-trier.de}
}

@inproceedings{DinhRussellSuAAAI,
  author    = {H. T. Dinh and
               A. Russell and
               Y. Su},
  title     = {On the Value of Good Advice: The Complexity of {A}* Search
               with Accurate Heuristics},
  booktitle =	"Proceedings of the {AAAI} Conference on
		 Artificial Intelligence",
  publisher =	"AAAI Press",
  year      = {2007},
  pages     = {1140-1145},
}

@phdthesis{Gaschnig79,
       author="J. Gaschnig",
       title="Performance Measurement and Analysis of Certain Search Algorithms",
       school="Carnegie-Mellon University",
       address="",
       year=1979
}

@BOOK{pearl,
 AUTHOR = "Pearl, J.",
 TITLE = "Heuristics: Intelligent Search Strategies for Computer Problem Solving",
 PUBLISHER = "Addison \& Wesley",
 YEAR = 1984
}

@article{korf85,
  author    = {R. E. Korf},
  title     = {Depth-First Iterative-Deepening: An Optimal Admissible Tree
               Search},
  journal   = {Artificial Intelligence},
  volume    = {27},
  number    = {1},
  year      = {1985},
  pages     = {97-109},
}

@article{Pohl77,
  author    = {I. Pohl},
  title     = {Practical and theoretical considerations in heuristic search algorithms},
  journal   = {Machine Intelligence},
  volume    = {8},
  year      = {1977},
  pages     = {55-72},
}

@inproceedings{chenowethDavis91,
  author    = {S. V. Chenoweth and
               H. W. Davis},
  title     = {High-Performance {A}* Search Using Rapidly Growing Heuristics},
  booktitle = {Proceedings of the International Joint Conference on Artificial Intelligence},
  year      = {1991},
  pages     = {198-203},
  bibsource = {DBLP, http://dblp.uni-trier.de}
}

@inproceedings{PREDAAAI08,
  author    = {U. Zahavi and
               A. Felner and
               N. Burch and
               R. C. Holte},
  title     = {Predicting the Performance of {IDA}* with Conditional Distributions},
  booktitle =	"Proceedings of the {AAAI} Conference on
		 Artificial Intelligence",
  publisher =	"AAAI Press",
  year      = {2008},
  pages     = {381-386},
}

@TECHREPORT{Hernadvolgyi04,
	AUTHOR       = "I. Hernadvolgyi and R. C. Holte",
	TITLE        = "Steps Towards the Automatic Creation of Search Heuristics",
	INSTITUTION  = "Department of Computing Science, University of Alberta",
	YEAR         = "2004",
	TYPE         = "",
	NUMBER       = "TR04-02",
	ADDRESS      = "",
	MONTH        = "",
	NOTE         = ""
}


 @ARTICLE{dweighter1975pancake,
 AUTHOR = "Harry Dweighter",
 TITLE = "Problem {E2569}",
 JOURNAL = "American Mathematical Monthly",
 VOLUME = 82,
 YEAR = 1975,
 PAGES = "1010"
}


@book{slocum200615puzzle,
     author="J. Slocum and D. Sonneveld",
     title="The 15 Puzzle",
     publisher="Slocum Puzzle Foundation",
     year=2006}

@inproceedings{felner2005dual,
 author = {A. Felner and U. Zahavi and J. Schaeffer and R. C. Holte},
 title = {Dual lookups in pattern databases},
  booktitle = {Proceedings of the International Joint Conference on Artificial Intelligence},
 year = {2005},
 pages = {103--108},
} 


@article{korf2002disjointPatternDatabase,
  author    = {R. E. Korf and
               A. Felner},
  title     = {Disjoint pattern database heuristics},
  journal   = {Artificial Intelligence},
  volume    = {134},
  number    = {1-2},
  year      = {2002},
  pages     = {9-22}
}

@Article{FelnerKH04,
  title =	"Additive Pattern Database Heuristics",
  author =	"A. Felner and R. E. Korf and S. Hanan",
  journal =	"Journal of Artificial Intelligence Research",
  year = 	"2004",
  volume =	"22",
  pages =	"279--318",
}


@mastersthesis{shahabthesis,
  author    = {Jabbari Arfaee, Shahab},
  title     = {Bootstrap Learning of Heuristic Functions},
    year = {2010},
  school     =     {Computing Science Department, University of Alberta}
}

@article{katz2010optimal,
  author    = {M. Katz and
               C. Domshlak},
  title     = {Optimal admissible composition of abstraction heuristics},
  journal   = {Artificial Intelligence},
  volume    = {174},
  number    = {12-13},
  year      = {2010},
  pages     = {767-798}
}

 

@inproceedings{lelis2011etruncation,
  author    = {L. Lelis and S. Zilles and R. C. Holte},
  title     = {Improved Prediction of {IDA}*'s Performance via $\epsilon$-Truncation},
  booktitle = {Proceedings of the Symposium on Combinatorial Search},
    publisher =	"AAAI Press",
  pages		= {108-116},
  year      = {2011}
}

@article{yang2008aGeneral,
  author    = {F. Yang and
               J. C. Culberson and
               R. C. Holte and
               U. Zahavi and
               A. Felner},
  title     = {A General Theory of Additive State Space Abstractions},
  journal   = {Journal of Artificial Intelligence Research},
  volume    = {32},
  year      = {2008},
  pages     = {631-662}
}

@inproceedings{stutervant2009memoryBased,
  author    = {N. R. Sturtevant and
               A. Felner and
               M. Barrer and
               J. Schaeffer and
               N. Burch},
  title     = {Memory-Based Heuristics for Explicit State Spaces},
  booktitle = {IJCAI},
  year      = {2009},
  pages     = {609-614}
}

@INPROCEEDINGS{helmert07flexibleabstraction,
    author = {M. Helmert and P. Haslum and J. Hoffmann},
    title = {Flexible abstraction heuristics for optimal sequential planning},
  booktitle =	"ICAPS",
    year = {2007},
    pages = {176--183}
}

@INPROCEEDINGS{thayer11learningheuristic,
    author = {J. Thayer and A. Dionne and W. Ruml},
    title = {Learning Inadmissible Heuristics During Search},
  booktitle =	"ICAPS",
    year = {2011},
    pages = {250-257},
}

@Article{Zahavi10,
  title =	"Predicting the Performance of {IDA}* using Conditional Distributions",
  author =	"U. Zahavi and A. Felner and N. Burch and R. C. Holte",
  journal =	"Journal of Artificial Intelligence Research",
  year = 	"2010",
  volume =	"37",
  pages =	"41--83",
}



@inproceedings{ernandes2004likelyAdmissible,
  author    = {M. Ernandes and
               M. Gori},
  title     = {Likely-Admissible and Sub-Symbolic Heuristics},
  booktitle =	"Proceedings of the European Conference on Artificial
		 Intelligence",
  year      = {2004},
  pages     = {613-617}
}

@inproceedings{samadi2008learningFrom,
  author    = {M. Samadi and
               A. Felner and
               J. Schaeffer},
  title     = {Learning from Multiple Heuristics},
  booktitle =	"Proceedings of the {AAAI} Conference on
		 Artificial Intelligence",
  publisher =	"AAAI Press",
  year      = {2008},
  pages     = {357-362}
}

@article{pohl1970heuristicSearch,
title = "Heuristic search viewed as path finding in a graph",
journal = "Artif. Intell.",
volume = "1",
number = "3-4",
pages = "193-204",
year = "1970",
author = "I. Pohl"
}

@inproceedings{valenzano2010simultaneouslySearching, 
  author    = {R. A. Valenzano and
               N. R. Sturtevant and
               J. Schaeffer and
               K. Buro and
               A. Kishimoto},
  title     = {Simultaneously Searching with Multiple Settings: An Alternative
               to Parameter Tuning for Suboptimal Single-Agent Search Algorithms},
  booktitle =	"ICAPS",
  year      = {2010},
  pages     = {177-184},
}


@article{korf1985depthFirst,
 author               = {R. E. Korf},
 journal              = {Artificial Intelligence},
 pages                = {97-109},
 title                = {Depth-first iterative-deepening: An optimal admissible tree search},
 volume               = {27(1)},
 year                 = {1985},
 }

@inproceedings{stern2010potential,
       author = {R. Stern and
        R. Puzis and 
        A. Felner},
       title = {Potential search: a bounded-cost search algorithm},
  booktitle =	"ICAPS",
      year = {2011},
      pages = {234-241}
}


@ARTICLE{culberson1998patternDatabases,
 AUTHOR = "J. C. Culberson and J. Schaeffer",
 TITLE = {Pattern Databases},
 JOURNAL = "Computational Intelligence",
 YEAR = 1998,
 volume = "14",
 number = "3",
 PAGES = "318--334"
}


@inproceedings{pdb96,
  AUTHOR = "Culberson, J. C. and Schaeffer, J.",
  TITLE = "Searching with Pattern Databases",
  booktitle = "Proceedings of the Canadian Conference on Artificial Intelligence",
    YEAR = "1996",
  PAGES = "402-416",
  PUBLISHER = "Springer",
  series    = "Lecture Notes in Computer Science",
  volume    = "1081",
}



@article{hart1968aFormalBasis,
 author               = {P. E. Hart and N. J. Nilsson and B. Raphael},
 journal              = {IEEE Transactions on Systems Science and Cybernetics},
 pages                = {100-107},
 title                = {A formal basis for the heuristic determination of minimum cost paths},
 volume               = {SSC-4(2)},
 year                 = {1968},
 }

@article{dechter1985generalizedBestFirst,
 author               = {R. Dechter and J. Pearl},
 journal              = {Journal of the Association for Computing Machinery},
 pages                = {505-536},
 title                = {Generalized best-first search strategies and the optimality of {A}*},
 volume               = {32(3)},
 year                 = {1985},
 }
 

@inproceedings{jabbari2010bootstrapLearning,
  author    = {S. {Jabbari Arfaee} and S. Zilles and R. C. Holte},
  title     = {Bootstrap Learning of Heuristic Functions},
  booktitle = {Proceedings of the Symposium on Combinatorial Search},
    publisher =	"AAAI Press",
  year      = {2010}
}

@article{zhou2006breadthFirst,
title = "Breadth-first heuristic search",
journal = "Artif. Intell.",
volume = "170",
number = "4-5",
pages = "385 - 408",
year = "2006",
author = "R. Zhou and E. A. Hansen"
}

@inproceedings{bonet2010strengtheningLandmark,
 author = {B. Bonet and M. Helmert},
 title = {Strengthening Landmark Heuristics via Hitting Sets},
  booktitle =	"Proceedings of the European Conference on Artificial
		 Intelligence",
 year = {2010},
 pages = {329--334}
} 


@inproceedings{Pereira2013,
  author    = {Andr{\'e} Grahl Pereira and
               Marcus Ritt and
               Luciana Salete Buriol},
  title     = {Finding Optimal Solutions to {Sokoban} Using Instance
                  Dependent Pattern Databases},
  booktitle = {Symposium on Combinatorial Search},
  pages = {141--148},
  year      = 2013
}

@phdthesis{Hernadvolgyi2004,
 author = {Hernadvolgyi, Istvan T.},
 title = {Automatically Generated Lower Bounds for Search},
 year = {2004},
 isbn = {0-494-01708-2},
 note = {AAINR01708},
 publisher = {University of Ottawa},
 address = {Ottawa, Ont., Canada, Canada},
} 

@article{Felner2005,
title = "Finding optimal solutions to the graph partitioning problem with heuristic search",
journal = "Annals of Mathematics and Artificial Intelligence",
volume = "45",
number = "3-4",
pages = "293 - 322",
year = "2005",
author = "A. Felner"
}


@INPROCEEDINGS{Hafer2006, 
author={Hafer, C. and Mabra, J. and Slocum, D. and Kalkur, T.S.}, 
booktitle={Aerospace Conference, 2006 IEEE}, 
title={Next generation radiation-hardened {SRAM} for space applications}, 
year={2006}
}

@ARTICLE{Guo2014, 
author={J. Guo and L. Xiao and Z. Mao}, 
journal={Circuits and Systems I: Regular Papers, IEEE Transactions on}, 
title={Novel Low-Power and Highly Reliable Radiation Hardened Memory Cell for 65 nm {CMOS} Technology}, 
year={2014}, 
volume={61}, 
number={7}, 
pages={1994-2001}}

@TECHREPORT{ITRS-PIDS2013,
  AUTHOR =        {ITRS},
  TITLE =         {Process Integration, Devices, and Structures},
  INSTITUTION =   {International Technology Roadmap for Semiconductors},
  YEAR  =         {2013},
  PAGES =         {47},
  URL   =         {http://www.itrs.net/Links/2013ITRS/2013Chapters/2013PIDS.pdf}
}

@inproceedings{Sridharan2012,
 author = {Sridharan, V. and Liberty, D.},
 title = {A Study of {DRAM} Failures in the Field},
 booktitle = {Proceedings of the International Conference on High Performance Computing, Networking, Storage and Analysis},
 series = {SC '12},
 year = {2012},
 isbn = {978-1-4673-0804-5},
 location = {Salt Lake City, Utah},
 pages = {76:1--76:11},
 articleno = {76},
 numpages = {11},
 url = {http://dl.acm.org/citation.cfm?id=2388996.2389100},
 acmid = {2389100},
 publisher = {IEEE Computer Society Press},
 address = {Los Alamitos, CA, USA},
}

@INPROCEEDINGS{Irom2011, 
author={Irom, F. and Nguyen, D.N.}, 
booktitle={Radiation Effects Data Workshop (REDW), 2011 IEEE}, 
title={{SEE and TID} Response of Spansion 512Mb {NOR} Flash Memory}, 
year={2011}, 
month={July}, 
pages={1-4}, 
ISSN={2154-0519},}

@inproceedings{Valenzano:alternative_bounding,
  author    = {R. A. Valenzano and
               S. Jabbari Arfaee and
               J. T. Thayer and
               R. Stern and
               N. R. Sturtevant},
  title     = {{Using Alternative Suboptimality Bounds in Heuristic Search}},
  booktitle = {ICAPS},
  year      = {2013}
}

@INPROCEEDINGS{Miller2009, 
author={Miller, C. and Owen, R. and Rose, M. and Rutt, P.M. and Schaefer, J. and Troxel, I.A.}, 
booktitle={Aerospace conference, IEEE}, 
title={Trends in radiation susceptibility of commercial DRAMs for space systems}, 
year={2009}, 
pages={1-12}}



@article{de1987diagnosing,
  title={Diagnosing Multiple Faults},
  author={De Kleer, J. and Williams, B. C.},
  journal={Artificial Intelligence},
  volume={32},
  number={1},
  pages={97--130},
  year={1987},
  publisher={Elsevier}
}