% A

@article{armstrong2017low,
  title={Low impact artificial intelligences},
  author={Armstrong, Stuart and Levinstein, Benjamin},
  journal={arXiv:1705.10720},
  year={2017}
}
@article{amodei2016concrete,
  title={Concrete problems in AI safety},
  author={Amodei, Dario and Olah, Chris and Steinhardt, Jacob and Christiano, Paul and Schulman, John and Man{\'e}, Dan},
  journal={arXiv:1606.06565},
  year={2016}
}

% B

% C
@inproceedings{christiano2017deep,
  title={Deep reinforcement learning from human preferences},
  author={Christiano, Paul F and Leike, Jan and Brown, Tom and Martic, Miljan and Legg, Shane and Amodei, Dario},
  booktitle={\NeurIPS},
  year={2017}
}

% D

% E
@article{everitt2019understanding,
  title={Understanding Agent Incentives using Causal Influence Diagrams. Part I: Single Action Settings},
  author={Everitt, Tom and Ortega, Pedro A and Barnes, Elizabeth and Legg, Shane},
  journal={arXiv:1902.09980},
  year={2019}
}

@inproceedings{eysenbach2017leave,
  title={Leave no trace: Learning to reset for safe and autonomous reinforcement learning},
  author={Eysenbach, Benjamin and Gu, Shixiang and Ibarz, Julian and Levine, Sergey},
  booktitle={\ICLR},
  year={2018}
}

% F

% G

@inproceedings{gilpin2018explaining,
  title={Explaining explanations: An overview of interpretability of machine learning},
  author={Gilpin, Leilani H and Bau, David and Yuan, Ben Z and Bajwa, Ayesha and Specter, Michael and Kagal, Lalana},
  booktitle={IEEE 5th International Conference on data science and advanced analytics (DSAA)},
  pages={80--89},
  year={2018},
}

@article{garcia2015comprehensive,
  title={A comprehensive survey on safe reinforcement learning},
  author={Garc{\i}a, Javier and Fern{\'a}ndez, Fernando},
  journal={Journal of Machine Learning Research},
  volume={16},
  number={1},
  pages={1437--1480},
  year={2015}
}

% H
@inproceedings{hadfield2017off,
  title={The off-switch game},
  author={Hadfield-Menell, Dylan and Dragan, Anca and Abbeel, Pieter and Russell, Stuart},
  year={2017},
  booktitle={\IJCAI}
}

@inproceedings{huang2017safety,
  title={Safety verification of deep neural networks},
  author={Huang, Xiaowei and Kwiatkowska, Marta and Wang, Sen and Wu, Min},
  booktitle={International Conference on Computer Aided Verification},
  pages={3--29},
  year={2017},
  organization={Springer}
}

% I

% J

% K

@inproceedings{krakovna2018penalizing,
  title={Penalizing side effects using stepwise relative reachability},
  author={Krakovna, Victoria and Orseau, Laurent and Kumar, Ramana and Martic, Miljan and Legg, Shane},
  year={2019},
  booktitle={Workshop on Artificial Intelligence Safety at IJCAI}
}

@inproceedings{krakovna2020avoiding,
  title={Avoiding Side Effects By Considering Future Tasks},
  author={Krakovna, Victoria and Orseau, Laurent and Ngo, Richard and Martic, Miljan and Legg, Shane},
  year={2020},
  booktitle={\NeurIPS}
}

@article{krakovnaspecification,
  title={Specification gaming: the flip side of AI ingenuity},
  author={Krakovna, Victoria and Uesato, Jonathan and Mikulik, Vladimir and Rahtz, Matthew and Everitt, Tom and Kumar, Ramana and Kenton, Zac and Leike, Jan and Legg, Shane},
  journal={URL https://deepmind. com/blog/article/Specification-gamingthe-flip-side-of-AI-ingenuity},
  year={2020}
}

% L

@article{leike2018scalable,
  title={Scalable agent alignment via reward modeling: a research direction},
  author={Leike, Jan and Krueger, David and Everitt, Tom and Martic, Miljan and Maini, Vishal and Legg, Shane},
  journal={arXiv:1811.07871},
  year={2018}
}

% M
@misc{mccarthy1969some,
  title={Some philosophical problems from the standpoint of ai, Machine Intelligence (Meltzer B. and Michie D., eds.), vol. 4},
  author={McCarthy, J and Hayes, PJ},
  year={1969},
  publisher={Edinburgh University Press}
}

% N

% O

% P
@book{pearl2009causality,
  title={Causality},
  author={Pearl, Judea},
  year={2009},
  publisher={Cambridge university press}
}

% Q

% R

@inproceedings{rahaman2019learning,
  title={Learning the Arrow of Time for Problems in Reinforcement Learning},
  author={Rahaman, Nasim and Wolf, Steffen and Goyal, Anirudh and Remme, Roman and Bengio, Yoshua},
  booktitle={\ICLR},
  year={2019}
}

@article{ray2019benchmarking,
  title={Benchmarking safe exploration in deep reinforcement learning},
  author={Ray, Alex and Achiam, Joshua and Amodei, Dario},
  journal={arXiv:1910.01708},
  year={2019}
}

% S
@inproceedings{Saunders2017,
  author    = {William Saunders and
               Girish Sastry and
               Andreas Stuhlm{\"{u}}ller and
               Owain Evans},
  title     = {Trial without Error: Towards Safe Reinforcement Learning via Human
               Intervention},
  year      = {2018},
  booktitle={Proceedings of International Conference on Autonomous Agents and MultiAgent Systems},
  }

@inproceedings{Shah2018,
    title={Preferences Implicit in the State of the World},
    author={Rohin Shah and Dmitrii Krasheninnikov and Jordan Alexander and Pieter Abbeel and Anca Dragan},
    booktitle={\ICLR},
    year={2019},
}

@inproceedings{saisubramanian2020multi,
  title={A Multi-Objective Approach to Mitigate Negative Side Effects},
  author={Saisubramanian, Sandhya and Kamar, Ece and Zilberstein, Shlomo},
  booktitle={\IJCAI},
  year={2020}
}

@article{saisubramanian2020avoiding,
  title={Avoiding negative side effects due to incomplete knowledge of ai systems},
  author={Saisubramanian, Sandhya and Zilberstein, Shlomo and Kamar, Ece},
  journal={arXiv:2008.12146},
  year={2020}
}

% T

@inproceedings{turner2020conservative,
  title={Conservative agency via attainable utility preservation},
  author={Turner, Alexander Matt and Hadfield-Menell, Dylan and Tadepalli, Prasad},
  booktitle={Proceedings of the AAAI/ACM Conference on AI, Ethics, and Society},
  year={2020}
}

@inproceedings{turner2020avoiding,
  title={Avoiding Side Effects in Complex Environments},
  author={Turner, Alexander Matt and Ratzlaff, Neale and Tadepalli, Prasad},
  booktitle={\NeurIPS},
  year={2020}
}


@misc{tan2018simtoreal,
      title={Sim-to-Real: Learning Agile Locomotion For Quadruped Robots}, 
      author={Jie Tan and Tingnan Zhang and Erwin Coumans and Atil Iscen and Yunfei Bai and Danijar Hafner and Steven Bohez and Vincent Vanhoucke},
      year={2018},
      url={https://arxiv.org/abs/1804.10332},
      eprint={1804.10332},
      archivePrefix={arXiv},
      primaryClass={cs.RO}
}


% U

% V

% W

% X

% Y

% Z

@inproceedings{zhang2018minimax,
  title={Minimax-Regret Querying on Side Effects for Safe Optimality in Factored Markov Decision Processes.},
  author={Zhang, Shun and Durfee, Edmund H and Singh, Satinder P},
  booktitle={\IJCAI},
  year={2018}
}

@inproceedings{zhang2020querying,
  title={Querying to Find a Safe Policy under Uncertain Safety Constraints in Markov Decision Processes},
  author={Zhang, Shun and Durfee, Edmund and Singh, Satinder},
  booktitle={\AAAI},
  year={2020}
}


@inproceedings{Zhuang2020consequences,
  title={Consequences of Misaligned AI},
  author={Zhuang, Simon and Dylan Hadfield-Menell},
  booktitle={NeurIPS},
  year={2020}
}

