
@article{breiman:2001, 
  author = {Breiman, Leo}, 
  title = {{Random Forests}}, 
  issn = {0885-6125}, 
  doi = {10.1023/a:1010933404324},
  pages = {5--32}, 
  number = {1}, 
  volume = {45}, 
  journal = {Machine Learning},
  year = {2001}
}

@article{fisher:2019,
  title = {{All Models are Wrong, but Many are Useful: Learning a Variable's 
  Importance by Studying an Entire Class of Prediction Models Simultaneously}}, 
  author = {Fisher, Aaron and Rudin, Cynthia and Dominici, Francesca}, 
  journal = {Journal of Machine Learning Research}, 
  url = {http://jmlr.org/papers/v20/18-760.html}, 
  pages = {1--81}, 
  volume = {20}, 
  number = {177}, 
  year = {2019}
}

@inproceedings{gilpin:2018,
  author = {Gilpin, Leilani H. and Bau, David and Yuan, Ben Z. and Bajwa, 
  Ayesha and Specter, Michael and Kagal, Lalana}, 
  title = {{Explaining Explanations: An Overview of Interpretability of
  Machine Learning}}, 
  isbn = {9781538650912}, 
  doi = {10.1109/dsaa.2018.00018}, 
  url = {https://ieeexplore.ieee.org/document/8631448}, 
  pages = {80--89}, 
  series = {2018 IEEE 5th International Conference on Data Science and 
  Advanced Analytics (DSAA)}, 
  publisher = {IEEE}, 
  year = {2018}
}

@article{guidotti:2018,
  author = {Guidotti, Riccardo and Monreale, Anna and Ruggieri, Salvatore 
  and Turini, Franco and Giannotti, Fosca and Pedreschi, Dino},
  title = {A Survey of Methods for Explaining Black Box Models},
  year = {2018},
  issue_date = {January 2019},
  publisher = {Association for Computing Machinery},
  address = {New York, NY, USA},
  volume = {51},
  number = {5},
  issn = {0360-0300},
  url = {https://doi.org/10.1145/3236009},
  doi = {10.1145/3236009},
  journal = {ACM Comput. Surv.},
  month = aug,
  articleno = {93},
  numpages = {42}
}

@article{hohman:2018,
	Author = {Hohman, Fred Matthew and Kahng, Minsuk and Pienta, Robert and
	Chau, Duen Horng},
	DOI = {10.1109/tvcg.2018.2843369},
	Title = {Visual Analytics in Deep Learning: An Interrogative Survey for 
	the Next Frontiers},
	Month = {June},
	Year = {2018},
	Journal = {IEEE transactions on visualization and computer graphics},
	ISSN = {1077-2626},
	URL = {https://europepmc.org/articles/PMC6703958},
}

@article{hooker:2019,
  title = {Please Stop Permuting Features: An Explanation and Alternatives}, 
  author = {Giles Hooker and Lucas Mentch},
  year = {2019},
  journal = {arXiv preprint}, 
  eprint = {1905.03151},
  archivePrefix = {arXiv},
  primaryClass = {stat.ME}
}

@article{lee:2017,
  author = {Lee, Sungwon and Jung, Sungkyu}, 
  title = {{Combined Analysis of Amplitude and Phase Variations in Functional Data}}, 
  eprint = {1603.01775},
  journal = {arXiv},
  year = {2017}
}

@book{molnar:2019, 
  author = {Christopher Molnar}, 
  title = {Interpretable Machine Learning},
  year = {2019},
  publisher = {lulu.com},
  isbn = {0244768528},
  url = "https://christophm.github.io/interpretable-ml-book/"
}

@article{montavon:2018,
  title = {{Methods for Interpreting and Understanding Deep Neural Networks}}, 
  author = {Montavon, Grégoire and Samek, Wojciech and Müller, Klaus-Robert}, 
  journal = {Digital Signal Processing}, 
  doi = {10.1016/j.dsp.2017.10.011}, 
  eprint = {1706.07979}, 
  url = {https://doi.org/10.1016/j.dsp.2017.10.011}, 
  pages = {1--15}, 
  volume = {73}, 
  year = {2018}
}

@article{nicodemus:2010,
  title = {{The behaviour of random forest permutation-based variable importance
  measures under predictor correlation}}, 
  author = {Nicodemus, Kristin K and Malley, James D and Strobl, Carolin and 
  Ziegler, Andreas}, 
  journal = {BMC Bioinformatics}, 
  doi = {10.1186/1471-2105-11-110}, 
  pmid = {20187966}, 
  pages = {110}, 
  number = {1}, 
  volume = {11}, 
  year = {2010}
}

@article{pedregosa:2011,
 title = {Scikit-learn: Machine Learning in {P}ython},
 author = {Pedregosa, F. and Varoquaux, G. and Gramfort, A. and Michel, V.
 and Thirion, B. and Grisel, O. and Blondel, M. and Prettenhofer, P. 
 and Weiss, R. and Dubourg, V. and Vanderplas, J. and Passos, A. and
 Cournapeau, D. and Brucher, M. and Perrot, M. and Duchesnay, E.},
 journal = {Journal of Machine Learning Research},
 volume = {12},
 pages = {2825--2830},
 year = {2011}
}

@Manual{r,
  title = {R: A Language and Environment for Statistical Computing},
  author = {{R Core Team}},
  organization = {R Foundation for Statistical Computing},
  address = {Vienna, Austria},
  year = {2019},
  url = {https://www.R-project.org/}
}

@book{ramsay:2005, 
  author = {Ramsay, J.O. and Silverman, B.W.}, 
  title = {{Functional Data Analysis}}, 
  isbn = {0-387-40080-X}, 
  publisher = {Springer}, 
  address = {United States of America}, 
  year = {2005}
}

@article{strobl:2007,
  title = {{Bias in random forest variable importance measures: Illustrations, 
  sources and a solution}}, 
  author = {Strobl, Carolin and Boulesteix, Anne-Laure and Zeileis, Achim and
  Hothorn, Torsten}, 
  journal = {BMC Bioinformatics}, 
  doi = {10.1186/1471-2105-8-25}, 
  pmid = {17254353}, 
  pages = {25}, 
  number = {1}, 
  volume = {8}, 
  year = {2007}
}

@article{tucker:2013, 
  author = {Tucker, J. Derek and Wu, Wei and Srivastava, Anuj}, 
  title = {{Generative models for functional data using phase and amplitude separation}}, 
  issn = {0167-9473}, 
  doi = {10.1016/j.csda.2012.12.001}, 
  pages = {50--66}, 
  volume = {61}, 
  journal = {Computational Statistics \& Data Analysis}, 
  year = {2013}
}

@Manual{tucker:2020,
  title = {fdasrvf: Elastic Functional Data Analysis},
  author = {J. Derek Tucker},
  year = {2020},
  note = {R package version 1.9.3},
  url = {https://CRAN.R-project.org/package=fdasrvf},
}

@book{vanrossum:2009,
 author = {Van Rossum, Guido and Drake, Fred L.},
 title = {Python 3 Reference Manual},
 year = {2009},
 isbn = {1441412697},
 publisher = {CreateSpace},
 address = {Scotts Valley, CA}
}

@article{wang:2016,
  author = {Wang, Jane-Ling and Chiou, Jeng-Min and Müller, Hans-Georg},
  title = {Functional Data Analysis},
  journal = {Annual Review of Statistics and Its Application},
  volume = {3},
  number = {1},
  pages = {257-295},
  year = {2016},
  doi = {10.1146/annurev-statistics-041715-033624},
  URL = {https://doi.org/10.1146/annurev-statistics-041715-033624},
  eprint = {https://doi.org/10.1146/annurev-statistics-041715-033624}
}

@Book{wickham:2016,
  author = {Hadley Wickham},
  title = {ggplot2: Elegant Graphics for Data Analysis},
  publisher = {Springer-Verlag New York},
  year = {2016},
  isbn = {978-3-319-24277-4},
  url = {https://ggplot2.tidyverse.org}
}
