
@inproceedings{ribeiro2016should,
  title={" Why should i trust you?" Explaining the predictions of any classifier},
  author={Ribeiro, Marco Tulio and Singh, Sameer and Guestrin, Carlos},
  booktitle={Proceedings of the 22nd ACM SIGKDD international conference on knowledge discovery and data mining},
  pages={1135--1144},
  year={2016}
}

@inproceedings{wiegand2019drive,
  title={I drive-you trust: Explaining driving behavior of autonomous cars},
  author={Wiegand, Gesa and Schmidmaier, Matthias and Weber, Thomas and Liu, Yuanting and Hussmann, Heinrich},
  booktitle={Extended abstracts of the 2019 chi conference on human factors in computing systems},
  pages={1--6},
  year={2019}
}

@article{koo2015did,
  title={Why did my car just do that? Explaining semi-autonomous driving actions to improve driver understanding, trust, and performance},
  author={Koo, Jeamin and Kwac, Jungsuk and Ju, Wendy and Steinert, Martin and Leifer, Larry and Nass, Clifford},
  journal={International Journal on Interactive Design and Manufacturing (IJIDeM)},
  volume={9},
  number={4},
  pages={269--275},
  year={2015},
  publisher={Springer}
}
@inproceedings{shen2021autopreview,
  title={AutoPreview: A Framework for Autopilot Behavior Understanding},
  author={Shen, Yuan and Wijayaratne, Niviru and Du, Peter and Jiang, Shanduojiao and Driggs-Campbell, Katherine},
  booktitle={Extended Abstracts of the 2021 CHI Conference on Human Factors in Computing Systems},
  pages={1--6},
  year={2021}
}

@inproceedings{liu2019toward,
  title={Toward interpretable deep reinforcement learning with linear model u-trees},
  author={Liu, Guiliang and Schulte, Oliver and Zhu, Wang and Li, Qingcan},
  booktitle={Machine Learning and Knowledge Discovery in Databases: European Conference, ECML PKDD 2018, Dublin, Ireland, September 10--14, 2018, Proceedings, Part II 18},
  pages={414--429},
  year={2019},
  organization={Springer}
}

@inproceedings{coppens2019distilling,
  title={Distilling deep reinforcement learning policies in soft decision trees},
  author={Coppens, Youri and Efthymiadis, Kyriakos and Lenaerts, Tom and Now{\'e}, Ann and Miller, Tim and Weber, Rosina and Magazzeni, Daniele},
  booktitle={Proceedings of the IJCAI 2019 workshop on explainable artificial intelligence},
  pages={1--6},
  year={2019}
}

@article{madumal2020distal,
  title={Distal Explanations for Model-free Explainable Reinforcement Learning},
  author={Madumal, Prashan and Miller, Tim and Sonenberg, Liz and Vetere, Frank},
  journal={arXiv preprint arXiv:2001.10284},
  year={2020}
}

@inproceedings{juozapaitis2019explainable,
  title={Explainable reinforcement learning via reward decomposition},
  author={Juozapaitis, Zoe and Koul, Anurag and Fern, Alan and Erwig, Martin and Doshi-Velez, Finale},
  booktitle={IJCAI/ECAI Workshop on Explainable Artificial Intelligence},
  year={2019}
}

@inproceedings{amir2018highlights,
  title={Highlights: Summarizing agent behavior to people},
  author={Amir, Dan and Amir, Ofra},
  booktitle={Proceedings of the 17th International Conference on Autonomous Agents and MultiAgent Systems},
  pages={1168--1176},
  year={2018}
}

@inproceedings{lage2019exploring,
  title={Exploring computational user models for agent policy summarization},
  author={Lage, Isaac and Lifschitz, Daphna and Doshi-Velez, Finale and Amir, Ofra},
  booktitle={IJCAI: proceedings of the conference},
  volume={28},
  pages={1401},
  year={2019},
  organization={NIH Public Access}
}

@article{van2017hybrid,
  title={Hybrid reward architecture for reinforcement learning},
  author={Van Seijen, Harm and Fatemi, Mehdi and Romoff, Joshua and Laroche, Romain and Barnes, Tavian and Tsang, Jeffrey},
  journal={arXiv preprint arXiv:1706.04208},
  year={2017}
}

@article{amir2019summarizing,
  title={Summarizing agent strategies},
  author={Amir, Ofra and Doshi-Velez, Finale and Sarne, David},
  journal={Autonomous Agents and Multi-Agent Systems},
  volume={33},
  number={5},
  pages={628--644},
  year={2019},
  publisher={Springer}
}
@article{krarup2019model,
  title={Model-based contrastive explanations for explainable planning},
  author={Krarup, Benjamin and Cashmore, Michael and Magazzeni, Daniele and Miller, Tim},
  year={2019},
  publisher={AAAI Press}
}

@inproceedings{booth2019evaluating,
  title={Evaluating the Interpretability of the Knowledge Compilation Map: Communicating Logical Statements Effectively.},
  author={Booth, Serena and Muise, Christian and Shah, Julie},
  booktitle={IJCAI},
  pages={5801--5807},
  year={2019}
}

@article{huber2020local,
	author    = {Tobias Huber and
	Katharina Weitz and
	Elisabeth Andr{\'{e}} and
	Ofra Amir},
	title     = {Local and global explanations of agent behavior: Integrating strategy
	summaries with saliency maps},
	journal   = {Artif. Intell.},
	volume    = {301},
	pages     = {103571},
	year      = {2021},
	doi       = {10.1016/j.artint.2021.103571}
}

@book{sutton2018reinforcement,
  title={Reinforcement learning: An introduction},
  author={Sutton, Richard S and Barto, Andrew G},
  year={2018},
  publisher={MIT press}
}

@article{amir2016interactive,
  title={Interactive teaching strategies for agent training},
  author={Amir, Ofra and Kamar, Ece and Kolobov, Andrey and Grosz, Barbara},
  year={2016}
}

@inproceedings{torrey2013teaching,
  title={Teaching on a budget: Agents advising agents in reinforcement learning},
  author={Torrey, Lisa and Taylor, Matthew},
  booktitle={Proceedings of the 2013 international conference on Autonomous agents and multi-agent systems},
  pages={1053--1060},
  year={2013}
}

@inproceedings{van2016deep,
  title={Deep reinforcement learning with double q-learning},
  author={Van Hasselt, Hado and Guez, Arthur and Silver, David},
  booktitle={Proceedings of the AAAI conference on artificial intelligence},
  pages     = {2094--2100},
  year={2016}
}


@article{hilton2020understanding,
  title={Understanding RL Vision},
  author={Hilton, Jacob and Cammarata, Nick and Carter, Shan and Goh, Gabriel and Olah, Chris},
  journal={Distill},
  volume={5},
  number={11},
  pages={e29},
  year={2020}
}

@article{anderson2019explaining,
  title={Explaining reinforcement learning to mere mortals: An empirical study},
  author={Anderson, Andrew and Dodge, Jonathan and Sadarangani, Amrita and Juozapaitis, Zoe and Newman, Evan and Irvine, Jed and Chattopadhyay, Souti and Fern, Alan and Burnett, Margaret},
  journal={arXiv preprint arXiv:1903.09708},
  year={2019}
}

@article{hoffman2018metrics,
  title={Metrics for explainable AI: Challenges and prospects},
  author={Hoffman, Robert R and Mueller, Shane T and Klein, Gary and Litman, Jordan},
  journal={arXiv preprint arXiv:1812.04608},
  year={2018}
}

@article{huang2019enabling,
  title={Enabling robots to communicate their objectives},
  author={Huang, Sandy H and Held, David and Abbeel, Pieter and Dragan, Anca D},
  journal={Autonomous Robots},
  volume={43},
  number={2},
  pages={309--326},
  year={2019},
  publisher={Springer}
}



%%%%% TOBI

@article{mnih2015human,
  title={Human-level control through deep reinforcement learning},
  author={Mnih, Volodymyr and Kavukcuoglu, Koray and Silver, David and 
Rusu, Andrei A and Veness, Joel and Bellemare, Marc G and Graves, Alex 
and Riedmiller, Martin and Fidjeland, Andreas K and Ostrovski, Georg and
 others},
  journal={nature},
  volume={518},
  number={7540},
  pages={529--533},
  year={2015},
  publisher={Nature Publishing Group}
}

@misc{baselines,
  author = {Dhariwal, Prafulla and Hesse, Christopher and Klimov, Oleg and Nichol, Alex and Plappert, Matthias and Radford, Alec and Schulman, John and Sidor, Szymon and Wu, Yuhuai and Zhokhov, Peter},
  title = {OpenAI Baselines},
  year = {2017},
  publisher = {GitHub},
  journal = {GitHub repository},
  howpublished = {\url{https://github.com/openai/baselines}},
}

@ARTICLE{huber2022benchmarking,
  
AUTHOR={Huber, Tobias and Limmer, Benedikt and Andr√©, Elisabeth},   
	 
TITLE={Benchmarking Perturbation-Based Saliency Maps for Explaining Atari Agents},      
	
JOURNAL={Frontiers in Artificial Intelligence},      
	
VOLUME={5},           
	
YEAR={2022},      
	  
URL={https://www.frontiersin.org/articles/10.3389/frai.2022.903875},       
	
DOI={10.3389/frai.2022.903875},      
	
ISSN={2624-8212}
}

@InProceedings{huber2019,
author="Huber, Tobias
and Schiller, Dominik
and Andr{\'e}, Elisabeth",
editor="Benzm{\"u}ller, Christoph
and Stuckenschmidt, Heiner",
title="Enhancing Explainability of Deep Reinforcement Learning Through Selective Layer-Wise Relevance Propagation",
booktitle="KI 2019: Advances in Artificial Intelligence",
year="2019",
publisher="Springer International Publishing",
address="Cham",
pages="188--202",
isbn="978-3-030-30179-8"
}

@article{bellemare2013ALE,
  author    = {Marc G. Bellemare and
               Yavar Naddaf and
               Joel Veness and
               Michael Bowling},
  title     = {The Arcade Learning Environment: An Evaluation Platform for General
               Agents},
  journal   = {J. Artif. Intell. Res.},
  volume    = {47},
  pages     = {253--279},
  year      = {2013},
  url       = {https://doi.org/10.1613/jair.3912},
  doi       = {10.1613/jair.3912}
}

@book{molnar2022,
  title      = {Interpretable Machine Learning},
  author     = {Christoph Molnar},
  year       = {2022},
  subtitle   = {A Guide for Making Black Box Models Explainable},
  edition    = {2},
  url        = {https://christophm.github.io/interpretable-ml-book}
}

@inproceedings{puri2020,
  author    = {Nikaash Puri and
               Sukriti Verma and
               Piyush Gupta and
               Dhruv Kayastha and
               Shripad Deshmukh and
               Balaji Krishnamurthy and
               Sameer Singh},
  title     = {Explain Your Move: Understanding Agent Actions Using Specific and
               Relevant Feature Attribution},
  booktitle = {8th International Conference on Learning Representations, {ICLR}},
  publisher = {OpenReview.net},
  year      = {2020}
}

@article{rudin19,
  author    = {Cynthia Rudin},
  title     = {Stop explaining black box machine learning models for high stakes
               decisions and use interpretable models instead},
  journal   = {Nat. Mach. Intell.},
  volume    = {1},
  number    = {5},
  pages     = {206--215},
  year      = {2019},
  doi       = {10.1038/s42256-019-0048-x}
}

%% Removed because I do not know whether they are intrinsic:
@inproceedings{dodson2011natural,
  title={A natural language argumentation interface for explanation generation in Markov decision processes},
  author={Dodson, Thomas and Mattei, Nicholas and Goldsmith, Judy},
  booktitle={International Conference on Algorithmic Decision Theory},
  pages={42--55},
  year={2011},
  organization={Springer}
}

% uses RL for explanation, does not explain RL (I think)
@inproceedings{tabrez2019explanation,
  title={Explanation-based reward coaching to improve human performance via reinforcement learning},
  author={Tabrez, Aaquib and Agrawal, Shivendra and Hayes, Bradley},
  booktitle={2019 14th ACM/IEEE International Conference on Human-Robot Interaction (HRI)},
  pages={249--257},
  year={2019},
  organization={IEEE}
}
