# 1
@inproceedings{chen2019a,
title={A Closer Look at Few-shot Classification},
author={Wei-Yu Chen and Yen-Cheng Liu and Zsolt Kira and Yu-Chiang Frank Wang and Jia-Bin Huang},
booktitle={ICLR},
year={2019}
}


@inproceedings{DBLP:conf/nips/VinyalsBLKW16,
  author={Oriol Vinyals and Charles Blundell and Tim Lillicrap and Koray Kavukcuoglu and Daan Wierstra},
  title={Matching Networks for One Shot Learning},
  year={2016},
  booktitle={NerulPS }
}


@inproceedings{8578229,
  author={Sung, Flood and Yang, Yongxin and Zhang, Li and Xiang, Tao and Torr, Philip H.S. and Hospedales, Timothy M.},
  booktitle={CVPR}, 
  title={Learning to Compare: Relation Network for Few-Shot Learning}, 
  year={2018}
 }


@inproceedings{8953758,
  author={Li, Wenbin and Wang, Lei and Xu, Jinglin and Huo, Jing and Gao, Yang and Luo, Jiebo},
  booktitle={CVPR}, 
  title={Revisiting Local Descriptor Based Image-To-Class Measure for Few-Shot Learning}, 
  year={2019}
}


@article{9293172,  
  author={Li, Xiaoxu and Wu, Jijie and Sun, Zhuo and Ma, Zhanyu and Cao, Jie and Xue, Jing-Hao},  
  journal={IEEE Transactions on Image Processing},   
  title={BSNet: Bi-Similarity Network for Few-shot Fine-grained Image Classification},   
  year={2021}
}


@inproceedings{Fei2021ZScoreNH,
  title={Z-score Normalization, Hubness, and Few-shot Learning},
  author={Nanyi Fei and Yizhao Gao and Zhiwu Lu and Tao Xiang},
  booktitle={ICCV},
  year={2021},
}


@inproceedings{DBLP:conf/eccv/LiuCLL0LH20,
  author={Bin Liu and Yue Cao and Yutong Lin and Qi Li and Zheng Zhang and Mingsheng Long and Han Hu},
  title={Negative Margin Matters: Understanding Margin in Few-Shot Classification},
  booktitle={ECCV},
  year={2020}
}


@inproceedings{Afrasiyabi2021MixturebasedFS,
  title={Mixture-based Feature Space Learning for Few-shot Image Classification},
  author={Arman Afrasiyabi and Jean-Fran√ßois Lalonde and Christian Gagn'e and W},
  booktitle={ICCV},
  year={2021},
}


@inproceedings{Das2021OnTI,
  title={On the Importance of Distractors for Few-shot Classification},
  author={Rajshekhar Das and Yu-Xiong Wang and Jos'eM.F. Moura},
  booktitle={ICCV},
  year={2021},
}







@inproceedings{Xu2021VariationalFD,
  title={Variational Feature Disentangling for Fine-Grained Few-shot Classification},
  author={Jin Xu and Hieu M. Le and Mingzhen Huang and ShahRukh Athar and Dimitris Samaras},
  booktitle={ICCV},
  year={2021},
}




@inproceedings{Chen2021ECKPNEC,
  title={ECKPN: Explicit Class Knowledge Propagation Network for Transductive Few-shot Learning},
  author={Chaofan Chen and Xiaoshan Yang and Changsheng Xu and Xuhui Huang and Zhe Ma},
  booktitle={CVPR},
  year={2021},
}


@inproceedings{snell2021bayesian,
  title={Bayesian Few-Shot Classification with One-vs-Each P{\'o}lya-Gamma Augmented Gaussian Processes},
  author={Jake Snell and Richard Zemel},
  booktitle={ICLR},
  year={2021},
}


@inproceedings{cao2021concept,
   title={Concept Learners for Few-shot Learning},
   author={Kaidi Cao and Maria Brbic and Jure Leskovec},
   booktitle={ICLR},
   year={2021},
}



@article{Cao2022LearningTC,
  title={Learning to Compare Relation: Semantic Alignment for Few-shot Learning},
  author={Congqi Cao and Yanning Zhang},
  journal={IEEE Transactions on Image Processing},
  year={2022},
}




@inproceedings{Nilsback2008AutomatedFC,
  title={Automated Flower Classification over a Large Number of Classes},
  author={Maria-Elena Nilsback and Andrew Zisserman},
  journal={Computer Vision, Graphics \& Image Processing},
  year={2008},
}

@inproceedings{6755945,
  author={Krause, Jonathan and Stark, Michael and Deng, Jia and Fei-Fei, Li},
  booktitle={ICCV Workshops}, 
  title={3D Object Representations for Fine-Grained Categorization}, 
  year={2013},
}


@inproceedings{NIPS2017_3f5ee243,
 author = {Vaswani, Ashish and Shazeer, Noam and Parmar, Niki and Uszkoreit, Jakob and Jones, Llion and Gomez, Aidan N and Kaiser, \L ukasz and Polosukhin, Illia},
 booktitle = {NerulPS },
 title = {Attention is All you Need},
 year = {2017}
}



@article{hassani2021escaping,
	title        = {Escaping the Big Data Paradigm with Compact Transformers},
	author       = {Ali Hassani and Steven Walton and Nikhil Shah and Abulikemu Abuduweili and Jiachen Li and Humphrey Shi},
	year         = 2021,
	eprint       = {2104.05704},
	journal={ArXiv},
}

@article{Li2021DeepML,
  title={Deep Metric Learning for Few-shot Image Classification: A Selective Review},
  author={Xiaoxu Li and Xiaochen Yang and Zhanyu Ma and Jing-Hao Xue},
  journal={ArXiv},
  year={2021},
  eprint= {2105.08149}
}



@inproceedings{Hao2019CollectAS,
  title={Collect and Select: Semantic Alignment Metric Learning for Few-shot Learning},
  author={Fusheng Hao and Fengxiang He and Jun Cheng and Lei Wang and Jianzhong Cao and Dacheng Tao},
  booktitle={ICCV},
  year={2019},
}




@inproceedings{NEURIPS2020_fa28c6cd,
 title = {CrossTransformers: Spatially-aware Few-shot Transfer},
 author = {Doersch, Carl and Gupta, Ankush and Zisserman, Andrew},
 booktitle = {NerulPS },
 year = {2020}
}

@inproceedings{Luo2019FewShotLW,
  title={Few-shot Learning With Global Class Representations},
  author={Tiange Luo and Aoxue Li and Tao Xiang and Weiran Huang and Liwei Wang},
  booktitle={ICCV},
  year={2019},
}

@inproceedings{Zhang2019VariationalFL,
  title={Variational Few-shot Learning},
  author={Jian Zhang and Chenglong Zhao and Bingbing Ni and Minghao Xu and Xiaokang Yang},
  booktitle={ICCV},
  year={2019},
}


@inproceedings{garcia2018fewshot,
  title={Few-shot Learning with Graph Neural Networks},
  author={Victor Garcia Satorras and Joan Bruna Estrach},
  booktitle={ICLR},
  year={2018},
}


@inproceedings{NIPS2017_cb8da676,
 author = {Snell, Jake and Swersky, Kevin and Zemel, Richard},
 booktitle = {NerulPS },
 title = {Prototypical Networks for Few-shot Learning},
 year = {2017}
}


@article{Hochreiter1997LongSM,
  title={Long Short-term Memory},
  author={Sepp Hochreiter and J{\"u}rgen Schmidhuber},
  journal={Neural Computation},
  year={1997},
}


@inproceedings{dosovitskiy2021an,
  title={An Image is Worth 16x16 Words: Transformers for Image Recognition at Scale},
  author={Alexey Dosovitskiy and Lucas Beyer and Alexander Kolesnikov and Dirk Weissenborn and Xiaohua Zhai and Thomas Unterthiner and Mostafa Dehghani and Matthias Minderer and Georg Heigold and Sylvain Gelly and others},
  booktitle={ICLR},
  year={2021}
}


@inproceedings{Chen2019ACL,
  title={A Closer Look at Few-shot Classification},
  author={Chen, Wei-Yu and Liu, Yen-Cheng and Kira, Zsolt and Wang, Yu-Chiang Frank and Huang, Jia-Bin},
  booktitle={ICLR},
  year={2019}
}

@inproceedings{He2016DeepRL,
  title={Deep Residual Learning for Image Recognition},
  author={Kaiming He and X. Zhang and Shaoqing Ren and Jian Sun},
  booktitle={CVPR},
  year={2016},

}

@inproceedings{Szegedy2015GoingDW,
  title={Going deeper with convolutions},
  author={Christian Szegedy and Wei Liu and Yangqing Jia and Pierre Sermanet and Scott E. Reed and Dragomir Anguelov and D. Erhan and Vincent Vanhoucke and Andrew Rabinovich},
  booktitle={CVPR},
  year={2015},
}



@inproceedings{Finn2017ModelAgnosticMF,
  title={Model-agnostic Meta-learning for Fast Adaptation of Deep Networks},
  author={Chelsea Finn and P. Abbeel and Sergey Levine},
  booktitle={ICML},
  year={2017}
}


@article{Chang2020TheDI,
  title={The Devil is in the Channels: Mutual-channel Loss for Fine-grained Image Classification},
  author={Dongliang Chang and Yifeng Ding and Jiyang Xie and Ayan Kumar Bhunia and Xiaoxu Li and Zhanyu Ma and Ming Wu and Jun Guo and Yi-Zhe Song},
  journal={IEEE Transactions on Image Processing},
  year={2020},
}

@article{Zhang2021NDPNetAN,
  title={NDPNet: A Novel Non-linear Data Projection Network for Few-shot Fine-grained Image Classification},
  author={Weichuan Zhang and Xuefang Liu and Zhengrong Xue and Yongsheng Gao and Changming Sun},
  journal={ArXiv},
  year={2021},
  eprint= {2106.06988}
}

@article{Huang2021LowRankPA,
  title={Low-rank Pairwise Alignment Bilinear Network for Few-shot Fine-grained Image Classification},
  author={Huaxi Huang and Junjie Zhang and Jian Zhang and Jingsong Xu and Qiang Wu},
  journal={IEEE Transactions on Multimedia},
  year={2021},
}



@inproceedings{Akata2015EvaluationOO,
  title={Evaluation of Output Embeddings for Fine-grained Image Classification},
  author={Zeynep Akata and Scott E. Reed and Daniel Walter and Honglak Lee and Bernt Schiele},
  booktitle={CVPR},
  year={2015},
}


@inproceedings{Chen2021TextEnhancedAA,
  title={Text-enhanced Attribute-based Attention for Generalized Zero-shot Fine-grained Image Classification},
  author={Yang Chen and Mei-Chen Yeh},
  booktitle={ICMR},
  year={2021}
}


@inproceedings{Zhao2020KnowledgeBasedFC,
  title={Knowledge-based Fine-grained Classification For Few-shot Learning},
  author={Jiabao Zhao and Xin Lin and Jie Zhou and Jing Yang and Liang He and Zhaohui Yang},
  booktitle={ICME},
  year={2020},
}




@techreport{WelinderEtal2010,
	Author = {Catherine Wah and Steve Branson and Peter Welinder and Pietro Perona and Serge J. Belongie},
	Institution = {California Institute of Technology},
	Title = {The Caltech-UCSD Birds-200-2011 Dataset},
	Year = {2011}
}


@InProceedings{Wertheimer_2021_CVPR,
    author    = {Wertheimer, Davis and Tang, Luming and Hariharan, Bharath},
    title     = {Few-shot Classification With Feature Map Reconstruction Networks},
    booktitle = {CVPR},
    year      = {2021},
}

@InProceedings{Wu_2019_ICCV,
author = {Wu, Ziyang and Li, Yuwei and Guo, Lihua and Jia, Kui},
title = {PARN: Position-aware Relation Networks for Few-shot Learning},
booktitle = {ICCV},
year = {2019}
}



@InProceedings{10.1145/3474085.3475532,
author = {Wu, Yike and Zhang, Bo and Yu, Gang and Zhang, Weixi and Wang, Bin and Chen, Tao and Fan, Jiayuan},
title = {Object-aware Long-short-Range Spatial Alignment for Few-shot Fine-grained Image Classification},
year = {2021},
booktitle = {ACM MM},
}


@InProceedings{Xu_2021_ICCV,
    author    = {Xu, Jingyi and Le, Hieu and Huang, Mingzhen and Athar, ShahRukh and Samaras, Dimitris},
    title     = {Variational Feature Disentangling for Fine-grained Few-shot Classification},
    booktitle = {ICCV},
    year      = {2021},
}

@InProceedings{Yang_2020_CVPR,
    author = {Yang, Ling and Li, Liangliang and Zhang, Zilun and Zhou, Xinyu and Zhou, Erjin and Liu, Yu},
    title = {DPGN: Distribution Propagation Graph Network for Few-shot Learning},
    booktitle = {CVPR},
    year = {2020}
}

@inproceedings{ye2022how,
    title={How to Train Your MAML to Excel in Few-shot Classification},
    author={Han-Jia Ye and Wei-Lun Chao},
    booktitle={ICLR},
    year={2022},
}


@InProceedings{Ye_2020_CVPR,
    author = {Ye, Han-Jia and Hu, Hexiang and Zhan, De-Chuan and Sha, Fei},
    title = {Few-shot Learning via Embedding Adaptation With Set-to-Set Functions},
    booktitle = {CVPR},
    year = {2020}
}





@inproceedings{NIPS2017_f22e4747,
    author = {Zaheer, Manzil and Kottur, Satwik and Ravanbakhsh, Siamak and Poczos, Barnabas and Salakhutdinov, Russ R and Smola, Alexander J},
    booktitle = {NerulPS },
    title = {Deep Sets},
    year = {2017}
}


@InProceedings{Zhang_2020_CVPR,
    author = {Zhang, Chi and Cai, Yujun and Lin, Guosheng and Shen, Chunhua},
    title = {DeepEMD: Few-shot Image Classification With Differentiable Earth Mover's Distance and Structured Classifiers},
    booktitle = {CVPR},
    year = {2020},
}


@inproceedings{
    zhang2021iept,
    title={IEPT: Instance-level and Episode-level Pretext Tasks for Few-shot Learning},
    author={Manli Zhang and Jianhong Zhang and Zhiwu Lu and Tao Xiang and Mingyu Ding and Songfang Huang},
    booktitle={ICLR},
    year={2021},
}


@inproceedings{20203709163191,
  title={Knowledge-based Fine-grained Classification For Few-shot Learning},
  author={Jiabao Zhao and Xin Lin and Jie Zhou and Jing Yang and Liang He and Zhaohui Yang},
  journal={ICME},
  year={2020},
}



@InProceedings{Zhou_2021_ICCV,
    author    = {Zhou, Ziqi and Qiu, Xi and Xie, Jiangtao and Wu, Jianan and Zhang, Chi},
    title     = {Binocular Mutual Learning for Improving Few-shot Classification},
    booktitle = {ICCV},
    year      = {2021},
}


@inproceedings{KhoslaYaoJayadevaprakashFeiFei_FGVC2011,
  title={Novel Dataset for Fine-grained Image Categorization: Stanford Dogs},
  author={Khosla, Aditya and Jayadevaprakash, Nityananda and Yao, Bangpeng and Li, Fei-Fei},
  booktitle = {CVPR workshops},
  year = {2011},
}



@InProceedings{Kim_2019_CVPR,
author = {Kim, Jongmin and Kim, Taesup and Kim, Sungwoong and Yoo, Chang D.},
title = {Edge-Labeling Graph Neural Network for Few-shot Learning},
booktitle = {CVPR},
year = {2019},
}



@article{Cao2022AFF,
  title={A Few-shot Fine-grained Image Classification Method Leveraging Global and Local Structures},
  author={Siyu Cao and Wen Wang and J. Zhang and Min Zheng and Qingyong Li},
  journal={International Journal of Machine Learning and Cybernetics},
  year={2022}
}





@inproceedings{Dong2020LearningTL,
  title={Learning Task-aware Local Representations for Few-shot Learning},
  author={Chuanqi Dong and Wenbin Li and Jing Huo and Zheng Gu and Yang Gao},
  booktitle={IJCAI},
  year={2020}
}

@article{Wu2021ObjectawareLS,
  title={Object-aware Long-short-Range Spatial Alignment for Few-shot Fine-grained Image Classification},
  author={Yike Wu and Botao Zhang and Gang Yu and Weixiao Zhang and Bin Wang and Tao Chen and Jiayuan Fan},
  journal={ACM MM},
  year={2021}
}

@InProceedings{Kang_2021_ICCV,
    author    = {Kang, Dahyun and Kwon, Heeseung and Min, Juhong and Cho, Minsu},
    title     = {Relational Embedding for Few-shot Classification},
    booktitle = {ICCV},
    year      = {2021},

}


@inproceedings{kipf2016semi,
  title={Semi-supervised Classification With Graph Convolutional Networks},
  author={Kipf, Thomas N and Welling, Max},
  booktitle={ICLR},
  year={2017}
}


@inproceedings{muhammad2020eigen,
  title={Eigen-cam: Class Activation Map Using Principal Components},
  author={Muhammad, Mohammed Bany and Yeasin, Mohammed},
  booktitle={IJCNN},
  year={2020},
}

@inproceedings{zhu2020multi,
  title={Multi-attention Meta Learning for Few-shot Fine-grained Image Recognition},
  author={Zhu, Yaohui and Liu, Chenlong and Jiang, Shuqiang},
  booktitle={IJCAI},
  year={2020}
}

@article{sun2020few,
  title={Few-shot Learning for Domain-specific Fine-grained Image Classification},
  author={Sun, Xin and Xv, Hongwei and Dong, Junyu and Zhou, Huiyu and Chen, Changrui and Li, Qiong},
  journal={IEEE Transactions on Industrial Electronics},
  year={2020},
}


@InProceedings{Simon_2020_CVPR,
author = {Simon, Christian and Koniusz, Piotr and Nock, Richard and Harandi, Mehrtash},
title = {Adaptive Subspaces for Few-shot Learning},
booktitle = {CVPR},
year = {2020},
}

@inproceedings{Wen2016ADF, 
title={A Discriminative Feature Learning Approach for Deep Face Recognition}, author={Yandong Wen and Kaipeng Zhang and Zhifeng Li and Yu Qiao}, booktitle={ECCV}, year={2016} 
}

@inproceedings{Arora2019FineGrainedAO, 
title={Fine-grained Analysis of Optimization and Generalization for Overparameterized Two-layer Neural Networks}, 
author={Sanjeev Arora and Simon Shaolei Du and Wei Hu and Zhiyuan Li and Ruosong Wang}, 
booktitle={ICML}, 
year={2019} 
}


@article{Chen2020ANM,
  title={A New Meta-Baseline for Few-Shot Learning},
  author={Yinbo Chen and Xiaolong Wang and Zhuang Liu and Huijuan Xu and Trevor Darrell},
  journal={ArXiv},
  year={2020},
  eprint = {2003.04390},
}

@inproceedings{Gidaris2018DynamicFV,
  title={Dynamic Few-Shot Visual Learning Without Forgetting},
  author={Spyros Gidaris and Nikos Komodakis},
  booktitle = {CVPR},
  year={2018},
}





@inproceedings{Devlin2019BERTPO,
  title={BERT: Pre-training of Deep Bidirectional Transformers for Language Understanding},
  author={Kenton, Jacob Devlin Ming-Wei Chang and Toutanova, Lee Kristina},
  booktitle={NAACL-HLT},
  year={2019}
}

@article{brown2020language,
    title={Language Models are Few-Shot Learners},
    author={Tom B. Brown and Benjamin Mann and Nick Ryder and Melanie Subbiah and Jared Kaplan and Prafulla Dhariwal and Arvind Neelakantan and Pranav Shyam and Girish Sastry and Amanda Askell and others},
    year={2020},
    eprint={2005.14165},
    journal={ArXiv},
}


@inproceedings{Chen2021CrossViTCM,
  title={CrossViT: Cross-Attention Multi-Scale Vision Transformer for Image Classification},
  author={Chun-Fu Chen and Quanfu Fan and Rameswar Panda},
  booktitle={ICCV},
  year={2021},
}

@inproceedings{Paszke2019PyTorchAI,
  title={PyTorch: An Imperative Style, High-Performance Deep Learning Library},
  author={Adam Paszke and Sam Gross and Francisco Massa and Adam Lerer and James Bradbury and Gregory Chanan and Trevor Killeen and Zeming Lin and Natalia Gimelshein and Luca Antiga and others},
  booktitle={NeurIPS},
  year={2019}
 }

@article{3401454f29a841a29142c97833857e78,
title = {Fine-Grained Image Analysis with Deep Learning: A Survey},
author = {Xiu-Shen Wei and Yi-Zhe Song and {Mac Aodha}, Oisin and Jianxin Wu and Yuxin Peng and Jinhui Tang and Jian Yang and Serge Belongie},
year = {2021},
journal = {IEEE Transactions on Pattern Analysis and Machine Intelligence},
}


@inproceedings{lee2022task,
  title={Task Discrepancy Maximization for Fine-Grained Few-Shot Classification},
  author={Lee, SuBeen and Moon, WonJun and Heo, Jae-Pil},
  booktitle={CVPR},
  year={2022}
}