@techreport{houghton1990climate,
  title={Climate change},
  author={Houghton, JT and Jenkins, GJ and Ephraums, JJ and others},
  year={1990},
  institution={Cambridge, GB: Cambridge University Press}
}

@article{trenberth2015attribution,
  title={Attribution of climate extreme events},
  author={Trenberth, Kevin E and Fasullo, John T and Shepherd, Theodore G},
  journal={Nature Climate Change},
  volume={5},
  number={8},
  pages={725--730},
  year={2015},
  publisher={Nature Publishing Group}
}

@article{zhao2017temperature,
  title={Temperature increase reduces global yields of major crops in four independent estimates},
  author={Zhao, Chuang and Liu, Bing and Piao, Shilong and Wang, Xuhui and Lobell, David B and Huang, Yao and Huang, Mengtian and Yao, Yitong and Bassu, Simona and Ciais, Philippe and others},
  journal={Proceedings of the National Academy of Sciences},
  volume={114},
  number={35},
  pages={9326--9331},
  year={2017},
  publisher={National Acad Sciences}
}

@article{ortiz2018growing,
  title={Growing climatic sensitivity of US agriculture linked to technological change and regional specialization},
  author={Ortiz-Bobea, Ariel and Knippenberg, Erwin and Chambers, Robert G},
  journal={Science advances},
  volume={4},
  number={12},
  pages={eaat4343},
  year={2018},
  publisher={American Association for the Advancement of Science}
}

@article{raza2019impact,
  title={Impact of climate change on crops adaptation and strategies to tackle its outcome: A review},
  author={Raza, Ali and Razzaq, Ali and Mehmood, Sundas Saher and Zou, Xiling and Zhang, Xuekun and Lv, Yan and Xu, Jinsong},
  journal={Plants},
  volume={8},
  number={2},
  pages={34},
  year={2019},
  publisher={Multidisciplinary Digital Publishing Institute}
}

@article{reynolds2010adapting,
  title={Adapting crops to climate change: a summary.},
  author={Reynolds, MP and Ortiz, R and others},
  journal={Climate change and crop production},
  pages={1--8},
  year={2010},
  publisher={CABI}
}

@article{liu2001neural,
  title={A neural network for setting target corn yields},
  author={Liu, Jing and Goering, CE and Tian, Lei},
  journal={Transactions of the ASAE},
  volume={44},
  number={3},
  pages={705},
  year={2001},
  publisher={American Society of Agricultural and Biological Engineers}
}

@article{van2020crop,
  title={Crop yield prediction using machine learning: A systematic literature review},
  author={Van Klompenburg, Thomas and Kassahun, Ayalew and Catal, Cagatay},
  journal={Computers and Electronics in Agriculture},
  volume={177},
  pages={105709},
  year={2020},
  publisher={Elsevier}
}

@article{horie1992yield,
  title={Yield forecasting},
  author={Horie, T and Yajima, M and Nakagawa, H},
  journal={Agricultural systems},
  volume={40},
  number={1-3},
  pages={211--236},
  year={1992},
  publisher={Elsevier}
}

@article{shukla2019climate,
  title={Climate Change and Land: an IPCC special report on climate change, desertification, land degradation, sustainable land management, food security, and greenhouse gas fluxes in terrestrial ecosystems},
  author={Shukla, PR and Skeg, J and Buendia, E Calvo and Masson-Delmotte, V and P{\"o}rtner, H-O and Roberts, DC and Zhai, P and Slade, R and Connors, S and van Diemen, S and others},
  journal={Intergovernmental Panel on Climate Change (IPCC)},
  year={2019}
}

@article{ansarifar2020performance,
  title={Performance prediction of crosses in plant breeding through genotype by environment interactions},
  author={Ansarifar, Javad and Akhavizadegan, Faezeh and Wang, Lizhi},
  journal={Scientific Reports},
  volume={10},
  number={1},
  pages={1--11},
  year={2020},
  publisher={Nature Publishing Group}
}

@article{sagar2018agriculture,
  title={Agriculture data analytics in crop yield estimation: a critical review},
  author={Sagar, BM and Cauvery, NK},
  journal={Indonesian Journal of Electrical Engineering and Computer Science},
  volume={12},
  number={3},
  pages={1087--1093},
  year={2018}
}

@article{garrett2013land,
  title={Land institutions and supply chain configurations as determinants of soybean planted area and yields in Brazil},
  author={Garrett, Rachael D and Lambin, Eric F and Naylor, Rosamond L},
  journal={Land Use Policy},
  volume={31},
  pages={385--396},
  year={2013},
  publisher={Elsevier}
}

@article{khaki2019crop,
  title={Crop yield prediction using deep neural networks},
  author={Khaki, Saeed and Wang, Lizhi},
  journal={Frontiers in plant science},
  volume={10},
  pages={621},
  year={2019},
  publisher={Frontiers}
}

@article{romero2013using,
  title={Using classification algorithms for predicting durum wheat yield in the province of Buenos Aires},
  author={Romero, Jos{\'e} R and Roncallo, Pablo F and Akkiraju, Pavan C and Ponzoni, Ignacio and Echenique, Viviana C and Carballido, Jessica A},
  journal={Computers and electronics in agriculture},
  volume={96},
  pages={173--179},
  year={2013},
  publisher={Elsevier}
}

@article{marko2016soybean,
  title={Soybean varieties portfolio optimisation based on yield prediction},
  author={Marko, Oskar and Brdar, Sanja and Panic, Marko and Lugonja, Predrag and Crnojevic, Vladimir},
  journal={Computers and Electronics in Agriculture},
  volume={127},
  pages={467--474},
  year={2016},
  publisher={Elsevier}
}

@article{dahikar2014agricultural,
  title={Agricultural crop yield prediction using artificial neural network approach},
  author={Dahikar, Snehal S and Rode, Sandeep V},
  journal={International journal of innovative research in electrical, electronics, instrumentation and control engineering},
  volume={2},
  number={1},
  pages={683--686},
  year={2014},
  publisher={Citeseer}
}

@inproceedings{you2017deep,
  title={Deep gaussian process for crop yield prediction based on remote sensing data},
  author={You, Jiaxuan and Li, Xiaocheng and Low, Melvin and Lobell, David and Ermon, Stefano},
  booktitle={Thirty-First AAAI conference on artificial intelligence},
  year={2017}
}

@article{khaki2020cnn,
  title={A cnn-rnn framework for crop yield prediction},
  author={Khaki, Saeed and others},
  journal={Frontiers in Plant Science},
  volume={10},
  pages={1750},
  year={2020},
  publisher={Frontiers}
}

@article{khaki2020predicting, 
title={Predicting yield performance of parents in plant breeding: 
A neural collaborative filtering approach}, 
author={Khaki, Saeed and Khalilzadeh, Zahra and Wang, Lizhi},
journal={Plos one}, volume={15}, number={5}, pages={e0233382}, 
year={2020}, 
publisher={Public Library of Science San Francisco, CA USA}
}

@article{tibshirani1996regression,
  title={Regression shrinkage and selection via the lasso},
  author={Tibshirani, Robert},
  journal={Journal of the Royal Statistical Society: Series B (Methodological)},
  volume={58},
  number={1},
  pages={267--288},
  year={1996},
  publisher={Wiley Online Library}
}

@book{friedman2001elements,
  title={The elements of statistical learning},
  author={Friedman, Jerome and Hastie, Trevor and Tibshirani, Robert and others},
  volume={1},
  year={2001},
  publisher={Springer series in statistics New York}
}

@inproceedings{jia2020residual,
  title={Residual correlation in graph neural network regression},
  author={Jia, Junteng and Benson, Austion R},
  booktitle={Proceedings of the 26th ACM SIGKDD International Conference on Knowledge Discovery \& Data Mining},
  pages={588--598},
  year={2020}
}

@article{kapoor2020examining,
  title={Examining covid-19 forecasting using spatio-temporal graph neural networks},
  author={Kapoor, Amol and Ben, Xue and Liu, Luyang and Perozzi, Bryan and Barnes, Matt and Blais, Martin and O'Banion, Shawn},
  journal={arXiv preprint arXiv:2007.03113},
  year={2020}
}

@article{wu2020comprehensive,
  title={A comprehensive survey on graph neural networks},
  author={Wu, Zonghan and Pan, Shirui and Chen, Fengwen and Long, Guodong and Zhang, Chengqi and Philip, S Yu},
  journal={IEEE transactions on neural networks and learning systems},
  volume={32},
  number={1},
  pages={4--24},
  year={2020},
  publisher={IEEE}
}

@article{usda2013national,
  title={National Agricultural Statistics Service},
  author={USDA},
  journal={United States Department of Agriculture},
  year={2013}
}

@article{daly2013prism,
  title={The PRISM climate and weather system: an introduction},
  author={Daly, Christopher and Bryant, Kirk},
  year={2013}
}

@article{xia2012continental,
  title={Continental-scale water and energy flux analysis and validation for the North American Land Data Assimilation System project phase 2 (NLDAS-2): 1. Intercomparison and application of model products},
  author={Xia, Youlong and Mitchell, Kenneth and Ek, Michael and Sheffield, Justin and Cosgrove, Brian and Wood, Eric and Luo, Lifeng and Alonge, Charles and Wei, Helin and Meng, Jesse and others},
  journal={Journal of Geophysical Research: Atmospheres},
  volume={117},
  number={D3},
  year={2012},
  publisher={Wiley Online Library}
}

@misc{soil2019gridded,
  title={Gridded Soil Survey Geographic (gSSURGO) Database for the Conterminous United States.},
  author={{Soil Survey Staff}},
  year={2020},
  publisher={United States Department of Agriculture, Natural Resources Conservation Service}
}

@inproceedings{niepert2016learning,
  title={Learning convolutional neural networks for graphs},
  author={Niepert, Mathias and Ahmed, Mohamed and Kutzkov, Konstantin},
  booktitle={International conference on machine learning},
  pages={2014--2023},
  year={2016},
  organization={PMLR}
}

@inproceedings{gilmer2017neural,
  title={Neural message passing for quantum chemistry},
  author={Gilmer, Justin and Schoenholz, Samuel S and Riley, Patrick F and Vinyals, Oriol and Dahl, George E},
  booktitle={International conference on machine learning},
  pages={1263--1272},
  year={2017},
  organization={PMLR}
}

@article{cui2019traffic,
  title={Traffic graph convolutional recurrent neural network: A deep learning framework for network-scale traffic learning and forecasting},
  author={Cui, Zhiyong and Henrickson, Kristian and Ke, Ruimin and Wang, Yinhai},
  journal={IEEE Transactions on Intelligent Transportation Systems},
  volume={21},
  number={11},
  pages={4883--4894},
  year={2019},
  publisher={IEEE}
}

@article{fout2017protein,
  title={Protein Interface Prediction using Graph Convolutional Networks},
  author={Fout, Alex and Byrd, Jonathon and Shariat, Basir and Ben-Hur, Asa},
  journal={Advances in Neural Information Processing Systems},
  volume={30},
  pages={6530--6539},
  year={2017}
}

@inproceedings{satorras2018few,
  title={Few-Shot Learning with Graph Neural Networks},
  author={Satorras, Victor Garcia and Estrach, Joan Bruna},
  booktitle={International Conference on Learning Representations},
  year={2018}
}

@article{kipf2016semi,
  title={Semi-supervised classification with graph convolutional networks},
  author={Kipf, Thomas N and Welling, Max},
  journal={arXiv preprint arXiv:1609.02907},
  year={2016}
}

@inproceedings{hamilton2017inductive,
  title={Inductive representation learning on large graphs},
  author={Hamilton, Will and others},
  booktitle={Advances in neural information processing systems},
  pages={1024--1034},
  year={2017}
}

@article{velivckovic2017graph,
  title={Graph attention networks},
  author={Veli{\v{c}}kovi{\'c}, Petar and Cucurull, Guillem and Casanova, Arantxa and Romero, Adriana and Lio, Pietro and Bengio, Yoshua},
  journal={arXiv preprint arXiv:1710.10903},
  year={2017}
}

@article{zhou2020graph,
  title={Graph neural networks: A review of methods and applications},
  author={Zhou, Jie and Cui, Ganqu and Hu, Shengding and Zhang, Zhengyan and Yang, Cheng and Liu, Zhiyuan and Wang, Lifeng and Li, Changcheng and Sun, Maosong},
  journal={AI Open},
  volume={1},
  pages={57--81},
  year={2020},
  publisher={Elsevier}
}

@article{kingma2014adam,
  title={Adam: A method for stochastic optimization},
  author={Kingma, Diederik P and Ba, Jimmy},
  journal={arXiv preprint arXiv:1412.6980},
  year={2014}
}

@article{drummond2003statistical,
  title={Statistical and neural methods for site--specific yield prediction},
  author={Drummond, Scott T and Sudduth, Kenneth A and Joshi, Anupam and Birrell, Stuart J and Kitchen, Newell R},
  journal={Transactions of the ASAE},
  volume={46},
  number={1},
  pages={5},
  year={2003},
  publisher={American Society of Agricultural and Biological Engineers}
}

@inproceedings{gandhi2016rice,
  title={Rice crop yield prediction using artificial neural networks},
  author={Gandhi, Niketa and Petkar, Owaiz and Armstrong, Leisa J},
  booktitle={2016 IEEE Technological Innovations in ICT for Agriculture and Rural Development (TIAR)},
  pages={105--110},
  year={2016},
  organization={IEEE}
}

@article{nevavuori2019crop,
  title={Crop yield prediction with deep convolutional neural networks},
  author={Nevavuori, Petteri and Narra, Nathaniel and Lipping, Tarmo},
  journal={Computers and electronics in agriculture},
  volume={163},
  pages={104859},
  year={2019},
  publisher={Elsevier}
}

@article{kim2019comparison,
  title={A comparison between major artificial intelligence models for crop yield prediction: Case study of the midwestern united states, 2006--2015},
  author={Kim, Nari and Ha, Kyung-Ja and Park, No-Wook and Cho, Jaeil and Hong, Sungwook and Lee, Yang-Won},
  journal={ISPRS International Journal of Geo-Information},
  volume={8},
  number={5},
  pages={240},
  year={2019},
  publisher={Multidisciplinary Digital Publishing Institute}
}

@inproceedings{ccakir2014yield,
  title={Yield prediction of wheat in south-east region of Turkey by using artificial neural networks},
  author={Cakir, Yuksel and Kirci, Murvet and Gunes, Ece Olcay},
  booktitle={2014 The Third International Conference on Agro-Geoinformatics},
  pages={1--4},
  year={2014},
  organization={IEEE}
}

@article{gonzalez2014predictive,
  title={Predictive ability of machine learning methods for massive crop yield prediction},
  author={Gonz{\'a}lez S{\'a}nchez, Alberto and Frausto Sol{\'\i}s, Juan and Ojeda Bustamante, Waldo and others},
  year={2014},
  publisher={Instituto Nacional de Investigaci{\'o}n y Tecnolog{\'\i}a Agraria y Alimentaria.}
}

@inproceedings{wang2018deep,
  title={Deep transfer learning for crop yield prediction with remote sensing data},
  author={Wang, Anna X and Tran, Caelin and Desai, Nikhil and Lobell, David and Ermon, Stefano},
  booktitle={Proceedings of the 1st ACM SIGCAS Conference on Computing and Sustainable Societies},
  pages={1--5},
  year={2018}
}

@article{hochreiter1997long,
  title={Long short-term memory},
  author={Hochreiter, Sepp and Schmidhuber, J{\"u}rgen},
  journal={Neural computation},
  volume={9},
  number={8},
  pages={1735--1780},
  year={1997},
  publisher={MIT Press}
}

@article{chung2014empirical,
  title={Empirical evaluation of gated recurrent neural networks on sequence modeling},
  author={Chung, Junyoung and Gulcehre, Caglar and Cho, KyungHyun and Bengio, Yoshua},
  journal={arXiv preprint arXiv:1412.3555},
  year={2014}
}

@article{kalchbrenner2014convolutional,
  title={A convolutional neural network for modelling sentences},
  author={Kalchbrenner, Nal and Grefenstette, Edward and Blunsom, Phil},
  journal={arXiv preprint arXiv:1404.2188},
  year={2014}
}


@article{ortiz2021anthropogenic,
  title={Anthropogenic climate change has slowed global agricultural productivity growth},
  author={Ortiz-Bobea, Ariel and Ault, Toby R and Carrillo, Carlos M and Chambers, Robert G and Lobell, David B},
  journal={Nature Climate Change},
  volume={11},
  number={4},
  pages={306--312},
  year={2021},
  publisher={Nature Publishing Group}
}

@misc{nlcd,
    title={The National Land Cover Database},
    author={Homer, C.H. and Fry, J.A. and Barnes, C.A.},
    year={2012}, 
    journal={U.S. Geological Survey Fact Sheet 2012-3020}
}

@misc{soiltexture,
    title={Soil Texture Calculator},
    author={{Soil Survey}},
    year={2021},
    journal={Natural Resources Conservation Service Soil Survey}
}

@article{ortiz2018another,
  title={Is another genetic revolution needed to offset climate change impacts for US maize yields?},
  author={Ortiz-Bobea, Ariel and Tack, Jesse},
  journal={Environmental Research Letters},
  volume={13},
  number={12},
  pages={124009},
  year={2018},
  publisher={IOP Publishing}
}

@article{2019,
	doi = {10.1088/1748-9326/ab1e75},
	url = {https://doi.org/10.1088/1748-9326/ab1e75},
	year = 2019,
	month = {may},
	publisher = {{IOP} Publishing},
	volume = {14},
	number = {6},
	pages = {064003},
	author = {Ariel Ortiz-Bobea and Haoying Wang and Carlos M Carrillo and Toby R Ault},
	title = {Unpacking the climatic drivers of {US} agricultural yields},
	abstract = {Understanding the climatic drivers of present-day agricultural yields is critical for prioritizing adaptation strategies to climate change. However, unpacking the contribution of different environmental stressors remains elusive in large-scale observational settings in part because of the lack of an extensive long-term network of soil moisture measurements and the common seasonal concurrence of droughts and heat waves. In this study, we link state-of-the-art land surface model data and fine-scale weather information with a long panel of county-level yields for six major US crops (1981–2017) to unpack their historical and future climatic drivers. To this end, we develop a statistical approach that flexibly characterizes the distinct intra-seasonal yield sensitivities to high-frequency fluctuations of soil moisture and temperature. In contrast with previous statistical evidence, we directly elicit an important role of water stress in explaining historical yields. However, our models project the direct effect of temperature—which we interpret as heat stress—remains the primary climatic driver of future yields under climate change.}
}

@article{leng2020predicting,
  title={Predicting spatial and temporal variability in crop yields: an inter-comparison of machine learning, regression and process-based models},
  author={Leng, Guoyong and Hall, Jim W},
  journal={Environmental Research Letters},
  volume={15},
  number={4},
  pages={044027},
  year={2020},
  publisher={IOP Publishing}
}

@article{shahhosseini2021coupling,
  title={Coupling machine learning and crop modeling improves crop yield prediction in the US Corn Belt},
  author={Shahhosseini, Mohsen and Hu, Guiping and Huber, Isaiah and Archontoulis, Sotirios V},
  journal={Scientific reports},
  volume={11},
  number={1},
  pages={1--15},
  year={2021},
  publisher={Nature Publishing Group}
}