@article{zhang2019review,
  title={A review of deep learning-based semantic segmentation for point cloud},
  author={Zhang, Jiaying and Zhao, Xiaoli and Chen, Zheng and Lu, Zhejun},
  journal={IEEE access},
  volume={7},
  pages={179118--179133},
  year={2019},
  publisher={IEEE}
}

@article{eldar1997farthest,
  title={The farthest point strategy for progressive image sampling},
  author={Eldar, Yuval and Lindenbaum, Michael and Porat, Moshe and Zeevi, Yehoshua Y},
  journal={IEEE Transactions on Image Processing},
  volume={6},
  number={9},
  pages={1305--1315},
  year={1997},
  publisher={IEEE}
}

@inproceedings{ma2021neural,
  title={Neural-Pull: Learning Signed Distance Function from Point clouds by Learning to Pull Space onto Surface},
  author={Ma, Baorui and Han, Zhizhong and Liu, Yu-Shen and Zwicker, Matthias},
  booktitle={International Conference on Machine Learning},
  pages={7246--7257},
  year={2021},
  organization={PMLR}
}

@article{mildenhall2021nerf,
  title={Nerf: Representing scenes as neural radiance fields for view synthesis},
  author={Mildenhall, Ben and Srinivasan, Pratul P and Tancik, Matthew and Barron, Jonathan T and Ramamoorthi, Ravi and Ng, Ren},
  journal={Communications of the ACM},
  volume={65},
  number={1},
  pages={99--106},
  year={2021},
  publisher={ACM New York, NY, USA}
}

@inproceedings{mescheder2019occupancy,
  title={Occupancy networks: Learning 3d reconstruction in function space},
  author={Mescheder, Lars and Oechsle, Michael and Niemeyer, Michael and Nowozin, Sebastian and Geiger, Andreas},
  booktitle={Proceedings of the IEEE/CVF conference on computer vision and pattern recognition},
  pages={4460--4470},
  year={2019}
}

@inproceedings{chen2019learning,
  title={Learning implicit fields for generative shape modeling},
  author={Chen, Zhiqin and Zhang, Hao},
  booktitle={Proceedings of the IEEE/CVF Conference on Computer Vision and Pattern Recognition},
  pages={5939--5948},
  year={2019}
}


@inproceedings{michalkiewicz2019implicit,
  title={Implicit surface representations as layers in neural networks},
  author={Michalkiewicz, Mateusz and Pontes, Jhony K and Jack, Dominic and Baktashmotlagh, Mahsa and Eriksson, Anders},
  booktitle={Proceedings of the IEEE/CVF International Conference on Computer Vision},
  pages={4743--4752},
  year={2019}
}

@inproceedings{ma2023towards,
  title={Towards better gradient consistency for neural signed distance functions via level set alignment},
  author={Ma, Baorui and Zhou, Junsheng and Liu, Yu-Shen and Han, Zhizhong},
  booktitle={Proceedings of the IEEE/CVF Conference on Computer Vision and Pattern Recognition},
  pages={17724--17734},
  year={2023}
}

@article{zhang2023fast,
  title={Fast learning radiance fields by shooting much fewer rays},
  author={Zhang, Wenyuan and Xing, Ruofan and Zeng, Yunfan and Liu, Yu-Shen and Shi, Kanle and Han, Zhizhong},
  journal={IEEE Transactions on Image Processing},
  year={2023},
  publisher={IEEE}
}

@article{jin2023multi,
  title={Multi-grid representation with field regularization for self-supervised surface reconstruction from point clouds},
  author={Jin, Chuan and Wu, Tieru and Zhou, Junsheng},
  journal={Computers \& Graphics},
  year={2023},
  publisher={Elsevier}
}

@inproceedings{chen2023gridpull,
  title={Gridpull: Towards scalability in learning implicit representations from 3d point clouds},
  author={Chen, Chao and Liu, Yu-Shen and Han, Zhizhong},
  booktitle={Proceedings of the ieee/cvf international conference on computer vision},
  pages={18322--18334},
  year={2023}
}

@inproceedings{zhou2023levelset,
    title={Learning a More Continuous Zero Level Set in Unsigned Distance Fields through Level Set Projection},
    author={Zhou, Junsheng and Ma, Baorui and Li, Shujuan and Liu, Yu-Shen and Han, Zhizhong},
    booktitle={Proceedings of the IEEE/CVF international conference on computer vision},
    year={2023}
}



@inproceedings{park2019deepsdf,
  title={Deepsdf: Learning continuous signed distance functions for shape representation},
  author={Park, Jeong Joon and Florence, Peter and Straub, Julian and Newcombe, Richard and Lovegrove, Steven},
  booktitle={Proceedings of the IEEE/CVF conference on computer vision and pattern recognition},
  pages={165--174},
  year={2019}
}

@inproceedings{huang2017densely,
  title={Densely connected convolutional networks},
  author={Huang, Gao and Liu, Zhuang and Van Der Maaten, Laurens and Weinberger, Kilian Q},
  booktitle={Proceedings of the IEEE conference on computer vision and pattern recognition},
  pages={4700--4708},
  year={2017}
}v

@inproceedings{zhao2022self,
  title={Self-supervised arbitrary-scale point clouds upsampling via implicit neural representation},
  author={Zhao, Wenbo and Liu, Xianming and Zhong, Zhiwei and Jiang, Junjun and Gao, Wei and Li, Ge and Ji, Xiangyang},
  booktitle={Proceedings of the IEEE/CVF Conference on Computer Vision and Pattern Recognition},
  pages={1999--2007},
  year={2022}
}

@inproceedings{feng2022neural,
  title={Neural points: Point cloud representation with neural fields for arbitrary upsampling},
  author={Feng, Wanquan and Li, Jin and Cai, Hongrui and Luo, Xiaonan and Zhang, Juyong},
  booktitle={Proceedings of the IEEE/CVF Conference on Computer Vision and Pattern Recognition},
  pages={18633--18642},
  year={2022}
}

@inproceedings{yifan2019patch,
  title={Patch-based progressive 3d point set upsampling},
  author={Yifan, Wang and Wu, Shihao and Huang, Hui and Cohen-Or, Daniel and Sorkine-Hornung, Olga},
  booktitle={Proceedings of the IEEE/CVF Conference on Computer Vision and Pattern Recognition},
  pages={5958--5967},
  year={2019}
}


@inproceedings{long2022pc2,
  title={Pc2-pu: Patch correlation and point correlation for effective point cloud upsampling},
  author={Long, Chen and Zhang, WenXiao and Li, Ruihui and Wang, Hao and Dong, Zhen and Yang, Bisheng},
  booktitle={Proceedings of the 30th ACM International Conference on Multimedia},
  pages={2191--2201},
  year={2022}
}

@article{zhao2023self,
  title={Self-Supervised Arbitrary-Scale Implicit Point Clouds Upsampling},
  author={Zhao, Wenbo and Liu, Xianming and Zhai, Deming and Jiang, Junjun and Ji, Xiangyang},
  journal={IEEE Transactions on Pattern Analysis and Machine Intelligence},
  year={2023},
  publisher={IEEE}
}

@inproceedings{he2023grad,
  title={Grad-PU: Arbitrary-Scale Point Cloud Upsampling via Gradient Descent with Learned Distance Functions},
  author={He, Yun and Tang, Danhang and Zhang, Yinda and Xue, Xiangyang and Fu, Yanwei},
  booktitle={Proceedings of the IEEE/CVF Conference on Computer Vision and Pattern Recognition},
  pages={5354--5363},
  year={2023}
}

@article{wu2015deep,
  title={Deep points consolidation},
  author={Wu, Shihao and Huang, Hui and Gong, Minglun and Zwicker, Matthias and Cohen-Or, Daniel},
  journal={ACM Transactions on Graphics (ToG)},
  volume={34},
  number={6},
  pages={1--13},
  year={2015},
  publisher={ACM New York, NY, USA}
}

@article{huang2009consolidation,
  title={Consolidation of unorganized point clouds for surface reconstruction},
  author={Huang, Hui and Li, Dan and Zhang, Hao and Ascher, Uri and Cohen-Or, Daniel},
  journal={ACM transactions on graphics (TOG)},
  volume={28},
  number={5},
  pages={1--7},
  year={2009},
  publisher={ACM New York, NY, USA}
}

@article{huang2013edge,
  title={Edge-aware point set resampling},
  author={Huang, Hui and Wu, Shihao and Gong, Minglun and Cohen-Or, Daniel and Ascher, Uri and Zhang, Hao},
  journal={ACM transactions on graphics (TOG)},
  volume={32},
  number={1},
  pages={1--12},
  year={2013},
  publisher={ACM New York, NY, USA}
}

@article{alexa2003computing,
  title={Computing and rendering point set surfaces},
  author={Alexa, Marc and Behr, Johannes and Cohen-Or, Daniel and Fleishman, Shachar and Levin, David and Silva, Claudio T.},
  journal={IEEE Transactions on visualization and computer graphics},
  volume={9},
  number={1},
  pages={3--15},
  year={2003},
  publisher={IEEE}
}

@article{lipman2007parameterization,
  title={Parameterization-free projection for geometry reconstruction},
  author={Lipman, Yaron and Cohen-Or, Daniel and Levin, David and Tal-Ezer, Hillel},
  journal={ACM Transactions on Graphics (TOG)},
  volume={26},
  number={3},
  pages={22--es},
  year={2007},
  publisher={ACM New York, NY, USA}
}

@inproceedings{li2019pu,
  title={Pu-gan: a point cloud upsampling adversarial network},
  author={Li, Ruihui and Li, Xianzhi and Fu, Chi-Wing and Cohen-Or, Daniel and Heng, Pheng-Ann},
  booktitle={Proceedings of the IEEE/CVF international conference on computer vision},
  pages={7203--7212},
  year={2019}
}

@inproceedings{chen2023unsupervised,
  title={Unsupervised inference of signed distance functions from single sparse point clouds without learning priors},
  author={Chen, Chao and Liu, Yu-Shen and Han, Zhizhong},
  booktitle={Proceedings of the IEEE/CVF Conference on Computer Vision and Pattern Recognition},
  pages={17712--17723},
  year={2023}
}

@inproceedings{dai2020neural,
  title={Neural point cloud rendering via multi-plane projection},
  author={Dai, Peng and Zhang, Yinda and Li, Zhuwen and Liu, Shuaicheng and Zeng, Bing},
  booktitle={Proceedings of the IEEE/CVF Conference on Computer Vision and Pattern Recognition},
  pages={7830--7839},
  year={2020}
}

@inproceedings{qiu2022pu,
  title={Pu-transformer: Point cloud upsampling transformer},
  author={Qiu, Shi and others},
  booktitle={Proceedings of the Asian Conference on Computer Vision},
  pages={2475--2493},
  year={2022}
}

@article{goodfellow2014generative,
  title={Generative adversarial nets},
  author={Goodfellow, Ian and Pouget-Abadie, Jean and Mirza, Mehdi and Xu, Bing and Warde-Farley, David and Ozair, Sherjil and Courville, Aaron and Bengio, Yoshua},
  journal={Advances in neural information processing systems},
  volume={27},
  year={2014}
}

@inproceedings{qian2020pugeo,
  title={PUGeo-Net: A geometry-centric network for 3D point cloud upsampling},
  author={Qian, Yue and Hou, Junhui and Kwong, Sam and He, Ying},
  booktitle={European conference on computer vision},
  pages={752--769},
  year={2020},
  organization={Springer}
}

@inproceedings{yu2018ec,
  title={Ec-net: an edge-aware point set consolidation network},
  author={Yu, Lequan and Li, Xianzhi and Fu, Chi-Wing and Cohen-Or, Daniel and Heng, Pheng-Ann},
  booktitle={Proceedings of the European conference on computer vision (ECCV)},
  pages={386--402},
  year={2018}
}


@article{qi2017pointnet++,
  title={Pointnet++: Deep hierarchical feature learning on point sets in a metric space},
  author={Qi, Charles Ruizhongtai and Yi, Li and Su, Hao and Guibas, Leonidas J},
  journal={Advances in neural information processing systems},
  volume={30},
  year={2017}
}

@inproceedings{yu2018pu,
  title={Pu-net: Point cloud upsampling network},
  author={Yu, Lequan and Li, Xianzhi and Fu, Chi-Wing and Cohen-Or, Daniel and Heng, Pheng-Ann},
  booktitle={Proceedings of the IEEE conference on computer vision and pattern recognition},
  pages={2790--2799},
  year={2018}
}

@article{qian2021deep,
  title={Deep magnification-flexible upsampling over 3d point clouds},
  author={Qian, Yue and Hou, Junhui and Kwong, Sam and He, Ying},
  journal={IEEE Transactions on Image Processing},
  volume={30},
  pages={8354--8367},
  year={2021},
  publisher={IEEE}
}

@inproceedings{dell2022arbitrary,
  title={Arbitrary point cloud upsampling with spherical mixture of gaussians},
  author={Dell'Eva, Anthony and others},
  booktitle={2022 International Conference on 3D Vision (3DV)},
  pages={465--474},
  year={2022},
  organization={IEEE}
}

@article{cook1986stochastic,
  title={Stochastic sampling in computer graphics},
  author={Cook, Robert L},
  journal={ACM Transactions on Graphics (TOG)},
  volume={5},
  number={1},
  pages={51--72},
  year={1986},
  publisher={ACM New York, NY, USA}
}

@article{lorensen1998marching,
author = {Lorensen, William E. and Cline, Harvey E.},
title = {Marching Cubes: A High Resolution 3D Surface Construction Algorithm},
year = {1987},
issue_date = {July 1987},
publisher = {Association for Computing Machinery},
address = {New York, NY, USA},
volume = {21},
number = {4},
issn = {0097-8930},
url = {https://doi.org/10.1145/37402.37422},
doi = {10.1145/37402.37422},
journal = {SIGGRAPH Comput. Graph.},
month = {aug},
pages = {163–169},
numpages = {7}
}



@article{zhou2022learning,
  title={Learning consistency-aware unsigned distance functions progressively from raw point clouds},
  author={Zhou, Junsheng and Ma, Baorui and Liu, Yu-Shen and Fang, Yi and Han, Zhizhong},
  journal={Advances in Neural Information Processing Systems},
  volume={35},
  pages={16481--16494},
  year={2022}
}

@article{bernardini1999ball,
  title={The ball-pivoting algorithm for surface reconstruction},
  author={Bernardini, Fausto and Mittleman, Joshua and Rushmeier, Holly and Silva, Cl{\'a}udio and Taubin, Gabriel},
  journal={IEEE transactions on visualization and computer graphics},
  volume={5},
  number={4},
  pages={349--359},
  year={1999},
  publisher={IEEE}
}

@article{geiger2013vision,
  title={Vision meets robotics: The kitti dataset},
  author={Geiger, Andreas and Lenz, Philip and Stiller, Christoph and Urtasun, Raquel},
  journal={The International Journal of Robotics Research},
  volume={32},
  number={11},
  pages={1231--1237},
  year={2013},
  publisher={Sage Publications Sage UK: London, England}
}

@inproceedings{liu2019l2g,
  title={L2g auto-encoder: Understanding point clouds by local-to-global reconstruction with hierarchical self-attention},
  author={Liu, Xinhai and Han, Zhizhong and Wen, Xin and Liu, Yu-Shen and Zwicker, Matthias},
  booktitle={Proceedings of the 27th ACM International Conference on Multimedia},
  pages={989--997},
  year={2019}
}

@inproceedings{uy2019revisiting,
  title={Revisiting point cloud classification: A new benchmark dataset and classification model on real-world data},
  author={Uy, Mikaela Angelina and Pham, Quang-Hieu and Hua, Binh-Son and Nguyen, Thanh and Yeung, Sai-Kit},
  booktitle={Proceedings of the IEEE/CVF international conference on computer vision},
  pages={1588--1597},
  year={2019}
}

@article{liu2022spu,
  title={Spu-net: Self-supervised point cloud upsampling by coarse-to-fine reconstruction with self-projection optimization},
  author={Liu, Xinhai and Liu, Xinchen and Liu, Yu-Shen and Han, Zhizhong},
  journal={IEEE Transactions on Image Processing},
  volume={31},
  pages={4213--4226},
  year={2022},
  publisher={IEEE}
}

@article{mao2022pu,
  title={PU-Flow: A point cloud upsampling network with normalizing flows},
  author={Mao, Aihua and Du, Zihui and Hou, Junhui and Duan, Yaqi and Liu, Yong-jin and He, Ying},
  journal={IEEE Transactions on Visualization and Computer Graphics},
  year={2022},
  publisher={IEEE}
}

@article{ye2021meta,
  title={Meta-PU: An arbitrary-scale upsampling network for point cloud},
  author={Ye, Shuquan and Chen, Dongdong and Han, Songfang and Wan, Ziyu and Liao, Jing},
  journal={IEEE transactions on visualization and computer graphics},
  volume={28},
  number={9},
  pages={3206--3218},
  year={2021},
  publisher={IEEE}
}

@inproceedings{ma2022reconstructing,
  title={Reconstructing surfaces for sparse point clouds with on-surface priors},
  author={Ma, Baorui and others},
  booktitle={Proceedings of the IEEE/CVF Conference on Computer Vision and Pattern Recognition},
  pages={6315--6325},
  year={2022}
}


@inproceedings{qian2021pu,
  title={Pu-gcn: Point cloud upsampling using graph convolutional networks},
  author={Qian, Guocheng and Abualshour, Abdulellah and Li, Guohao and Thabet, Ali and Ghanem, Bernard},
  booktitle={Proceedings of the IEEE/CVF Conference on Computer Vision and Pattern Recognition},
  pages={11683--11692},
  year={2021}
}

@inproceedings{li2021point,
  title={Point cloud upsampling via disentangled refinement},
  author={Li, Ruihui and Li, Xianzhi and Heng, Pheng-Ann and Fu, Chi-Wing},
  booktitle={Proceedings of the IEEE/CVF conference on computer vision and pattern recognition},
  pages={344--353},
  year={2021}
}

@inproceedings{luo2021pu,
  title={Pu-eva: An edge-vector based approximation solution for flexible-scale point cloud upsampling},
  author={Luo, Luqing and Tang, Lulu and Zhou, Wanyi and Wang, Shizheng and Yang, Zhi-Xin},
  booktitle={Proceedings of the IEEE/CVF International Conference on Computer Vision},
  pages={16208--16217},
  year={2021}
}