@inproceedings{datasets,
  author    = {Tzu{-}Han Hsu and
               Chih{-}Chuan Wang and
               Yuan{-}Hsiang Lin and
               Ching{-}Hsuan Chen and
               Nyan Ping Ju and
               Ts{\`{\i}}{-}U{\'{\i}} Ik and
               Wen{-}Chih Peng and
               Yu{-}Shuen Wang and
               Yu{-}Chee Tseng and
               Jiun{-}Long Huang and
               Yu{-}Tai Ching},
  title     = {CoachAI: {A} Project for Microscopic Badminton Match Data Collection
               and Tactical Analysis},
  booktitle = {{APNOMS}},
  pages     = {1--4},
  publisher = {{IEEE}},
  year      = {2019}
}

@inproceedings{NIPS2017_68a97503,
  author    = {Ryan Lowe and
               Yi Wu and
               Aviv Tamar and
               Jean Harb and
               Pieter Abbeel and
               Igor Mordatch},
  title     = {Multi-Agent Actor-Critic for Mixed Cooperative-Competitive Environments},
  booktitle = {{NIPS}},
  pages     = {6379--6390},
  year      = {2017}
}

@article{Chen2009ASO,
  title={A Study of Shuttlecock's Trajectory in Badminton.},
  author={Lung-Ming Chen and Yichao Pan and Yung-jen Chen},
  journal={Journal of sports science \& medicine},
  year={2009},
  volume={8 4},
  pages={
          657-62
        }
}

@inproceedings{DBLP:conf/aaai/KurachRSZBERVMB20,
  author    = {Karol Kurach and
               Anton Raichuk and
               Piotr Stanczyk and
               Michal Zajac and
               Olivier Bachem and
               Lasse Espeholt and
               Carlos Riquelme and
               Damien Vincent and
               Marcin Michalski and
               Olivier Bousquet and
               Sylvain Gelly},
  title     = {Google Research Football: {A} Novel Reinforcement Learning Environment},
  booktitle = {{AAAI}},
  pages     = {4501--4510},
  publisher = {{AAAI} Press},
  year      = {2020}
}

@inproceedings{DBLP:conf/aaai/WangSCP22,
  author    = {Wei{-}Yao Wang and
               Hong{-}Han Shuai and
               Kai{-}Shiang Chang and
               Wen{-}Chih Peng},
  title     = {ShuttleNet: Position-Aware Fusion of Rally Progress and Player Styles
               for Stroke Forecasting in Badminton},
  booktitle = {{AAAI}},
  pages     = {4219--4227},
  publisher = {{AAAI} Press},
  year      = {2022}
}

@inproceedings{DBLP:conf/icdm/WangCYWFP21,
  author    = {Wei{-}Yao Wang and
               Teng{-}Fong Chan and
               Hui{-}Kuo Yang and
               Chih{-}Chuan Wang and
               Yao{-}Chung Fan and
               Wen{-}Chih Peng},
  title     = {Exploring the Long Short-Term Dependencies to Infer Shot Influence
               in Badminton Matches},
  booktitle = {{ICDM}},
  pages     = {1397--1402},
  publisher = {{IEEE}},
  year      = {2021}
}

@inproceedings{DBLP:conf/nips/Pomerleau88,
  author    = {Dean Pomerleau},
  title     = {{ALVINN:} An Autonomous Land Vehicle in a Neural Network},
  booktitle = {{NIPS}},
  pages     = {305--313},
  publisher = {Morgan Kaufmann},
  year      = {1988}
}

@article{10.1145/3551391,
  title={How Is the Stroke? Inferring Shot Influence in Badminton Matches via Long Short-Term Dependencies},
  author={Wei{-}Yao Wang and
               Teng{-}Fong Chan and
               Hui{-}Kuo Yang and
               Chih{-}Chuan Wang and
               Yao{-}Chung Fan and
               Wen{-}Chih Peng},
  journal={ACM Trans. Intell. Syst. Technol.},
  year={2022},
  volume={14},
  number = {1},
}
