
@inproceedings{richard2016temporal,
  title={Temporal action detection using a statistical language model},
  author={Richard, Alexander and Gall, Juergen},
  booktitle={CVPR},
  pages={3131--3140},
  year={2016}
}

@inproceedings{shou2016temporal,
  title={Temporal action localization in untrimmed videos via multi-stage cnns},
  author={Shou, Zheng and Wang, Dongang and Chang, Shih-Fu},
  booktitle={CVPR},
  pages={1049--1058},
  year={2016}
}

@inproceedings{yeung2016end,
  title={End-to-end learning of action detection from frame glimpses in videos},
  author={Yeung, Serena and Russakovsky, Olga and Mori, Greg and Fei-Fei, Li},
  booktitle={CVPR},
  pages={2678--2687},
  year={2016}
}

@inproceedings{yuan2016temporal,
  title={Temporal action localization with pyramid of score distribution features},
  author={Yuan, Jun and Ni, Bingbing and Yang, Xiaokang and Kassim, Ashraf A},
  booktitle={CVPR},
  pages={3093--3102},
  year={2016}
}

@article{gao2017cascaded,
  title={Cascaded boundary regression for temporal action detection},
  author={Gao, Jiyang and Yang, Zhenheng and Nevatia, Ram},
  journal={arXiv preprint arXiv:1705.01180},
  year={2017}
}

@inproceedings{shou2017cdc,
  title={Cdc: Convolutional-de-convolutional networks for precise temporal action localization in untrimmed videos},
  author={Shou, Zheng and Chan, Jonathan and Zareian, Alireza and Miyazawa, Kazuyuki and Chang, Shih-Fu},
  booktitle={CVPR},
  pages={5734--5743},
  year={2017}
}

@inproceedings{yuan2017temporal,
  title={Temporal action localization by structured maximal sums},
  author={Yuan, Zehuan and Stroud, Jonathan C and Lu, Tong and Deng, Jia},
  booktitle={CVPR},
  pages={3684--3692},
  year={2017}
}

@inproceedings{xu2017r,
  title={R-c3d: Region convolutional 3d network for temporal activity detection},
  author={Xu, Huijuan and Das, Abir and Saenko, Kate},
  booktitle={ICCV},
  pages={5783--5792},
  year={2017}
}

@inproceedings{zhao2017temporal,
  title={Temporal action detection with structured segment networks},
  author={Zhao, Yue and Xiong, Yuanjun and Wang, Limin and Wu, Zhirong and Tang, Xiaoou and Lin, Dahua},
  booktitle={ICCV},
  pages={2914--2923},
  year={2017}
}

@inproceedings{lin2017single,
  title={Single shot temporal action detection},
  author={Lin, Tianwei and Zhao, Xu and Shou, Zheng},
  booktitle={ACM MM},
  pages={988--996},
  year={2017},
  organization={ACM}
}

@inproceedings{yang2018exploring,
  title={Exploring temporal preservation networks for precise temporal action localization},
  author={Yang, Ke and Qiao, Peng and Li, Dongsheng and Lv, Shaohe and Dou, Yong},
  booktitle={AAAI},
  year={2018}
}

@inproceedings{chao2018rethinking,
  title={Rethinking the faster r-cnn architecture for temporal action localization},
  author={Chao, Yu-Wei and Vijayanarasimhan, Sudheendra and Seybold, Bryan and Ross, David A and Deng, Jia and Sukthankar, Rahul},
  booktitle={CVPR},
  pages={1130--1139},
  year={2018}
}

@inproceedings{alwassel2018action,
  title={Action search: Spotting actions in videos and its application to temporal action localization},
  author={Alwassel, Humam and Caba Heilbron, Fabian and Ghanem, Bernard},
  booktitle={ECCV},
  pages={251--266},
  year={2018}
}

@inproceedings{lin2018bsn,
  title={Bsn: Boundary sensitive network for temporal action proposal generation},
  author={Lin, Tianwei and Zhao, Xu and Su, Haisheng and Wang, Chongjing and Yang, Ming},
  booktitle={ECCV},
  pages={3--19},
  year={2018}
}

@inproceedings{Xu2019SegregatedTA,
  title={Segregated Temporal Assembly Recurrent Networks for Weakly Supervised Multiple Action Detection},
  author={Yunlu Xu and Chengwei Zhang and Zhanzhan Cheng and Jianwen Xie and Yi Niu and Shiliang Pu and Fei Wu},
  booktitle={AAAI},
  year={2019}
}

@inproceedings{wang2017untrimmednets,
  title={Untrimmednets for weakly supervised action recognition and detection},
  author={Wang, Limin and Xiong, Yuanjun and Lin, Dahua and Van Gool, Luc},
  booktitle={CVPR},
  pages={4325--4334},
  year={2017}
}

@inproceedings{singh2017hide,
  title={Hide-and-seek: Forcing a network to be meticulous for weakly-supervised object and action localization},
  author={Singh, Krishna Kumar and Lee, Yong Jae},
  booktitle={ICCV},
  pages={3544--3553},
  year={2017},
  organization={IEEE}
}

@inproceedings{nguyen2018weakly,
  title={Weakly supervised action localization by sparse temporal pooling network},
  author={Nguyen, Phuc and Liu, Ting and Prasad, Gautam and Han, Bohyung},
  booktitle={CVPR},
  pages={6752--6761},
  year={2018}
}

@inproceedings{shou2018autoloc,
  title={Autoloc: Weakly-supervised temporal action localization in untrimmed videos},
  author={Shou, Zheng and Gao, Hang and Zhang, Lei and Miyazawa, Kazuyuki and Chang, Shih-Fu},
  booktitle={ECCV},
  pages={154--171},
  year={2018}
}

@inproceedings{paul2018w,
  title={W-talc: Weakly-supervised temporal activity localization and classification},
  author={Paul, Sujoy and Roy, Sourya and Roy-Chowdhury, Amit K},
  booktitle={ECCV},
  pages={563--579},
  year={2018}
}

@inproceedings{ren2015faster,
  title={Faster r-cnn: Towards real-time object detection with region proposal networks},
  author={Ren, Shaoqing and He, Kaiming and Girshick, Ross and Sun, Jian},
  booktitle={NIPS},
  pages={91--99},
  year={2015}
}

@inproceedings{redmon2016you,
  title={You only look once: Unified, real-time object detection},
  author={Redmon, Joseph and Divvala, Santosh and Girshick, Ross and Farhadi, Ali},
  booktitle={CVPR},
  pages={779--788},
  year={2016}
}

@inproceedings{liu2016ssd,
  title={Ssd: Single shot multibox detector},
  author={Liu, Wei and Anguelov, Dragomir and Erhan, Dumitru and Szegedy, Christian and Reed, Scott and Fu, Cheng-Yang and Berg, Alexander C},
  booktitle={ECCV},
  pages={21--37},
  year={2016},
  organization={Springer}
}

@article{aggarwal2011human,
  title={Human activity analysis: A review},
  author={Aggarwal, Jake K and Ryoo, Michael S},
  journal={ACM Computing Surveys (CSUR)},
  volume={43},
  number={3},
  pages={16},
  year={2011},
  publisher={ACM}
}

@inproceedings{bojanowski2014weakly,
  title={Weakly supervised action labeling in videos under ordering constraints},
  author={Bojanowski, Piotr and Lajugie, R{\'e}mi and Bach, Francis and Laptev, Ivan and Ponce, Jean and Schmid, Cordelia and Sivic, Josef},
  booktitle={ECCV},
  pages={628--643},
  year={2014},
  organization={Springer}
}

@article{kuehne2017weakly,
  title={Weakly supervised learning of actions from transcripts},
  author={Kuehne, Hilde and Richard, Alexander and Gall, Juergen},
  journal={Computer Vision and Image Understanding},
  volume={163},
  pages={78--89},
  year={2017},
  publisher={Elsevier}
}

@inproceedings{huang2016connectionist,
  title={Connectionist temporal modeling for weakly supervised action labeling},
  author={Huang, De-An and Fei-Fei, Li and Niebles, Juan Carlos},
  booktitle={ECCV},
  pages={137--153},
  year={2016},
  organization={Springer}
}

@inproceedings{huang2016connectionist,
  title={Connectionist temporal modeling for weakly supervised action labeling},
  author={Huang, De-An and Fei-Fei, Li and Niebles, Juan Carlos},
  booktitle={ECCV},
  pages={137--153},
  year={2016},
  organization={Springer}
}

@article{zhou2004multi,
  title={Multi-instance learning: A survey},
  author={Zhou, Zhi-Hua},
  journal={Department of Computer Science \& Technology, Nanjing University, Tech. Rep},
  year={2004}
}

@inproceedings{li2016weakly,
  title={Weakly supervised object localization with progressive domain adaptation},
  author={Li, Dong and Huang, Jia-Bin and Li, Yali and Wang, Shengjin and Yang, Ming-Hsuan},
  booktitle={CVPR},
  pages={3512--3520},
  year={2016}
}

@inproceedings{jie2017deep,
  title={Deep self-taught learning for weakly supervised object localization},
  author={Jie, Zequn and Wei, Yunchao and Jin, Xiaojie and Feng, Jiashi and Liu, Wei},
  booktitle={CVPR},
  pages={1377--1385},
  year={2017}
}

@inproceedings{karpathy2014large,
  title={Large-scale video classification with convolutional neural networks},
  author={Karpathy, Andrej and Toderici, George and Shetty, Sanketh and Leung, Thomas and Sukthankar, Rahul and Fei-Fei, Li},
  booktitle={CVPR},
  pages={1725--1732},
  year={2014}
}

@inproceedings{simonyan2014two,
  title={Two-stream convolutional networks for action recognition in videos},
  author={Simonyan, Karen and Zisserman, Andrew},
  booktitle={NIPS},
  pages={568--576},
  year={2014}
}

@inproceedings{feichtenhofer2016convolutional,
  title={Convolutional two-stream network fusion for video action recognition},
  author={Feichtenhofer, Christoph and Pinz, Axel and Zisserman, Andrew},
  booktitle={CVPR},
  pages={1933--1941},
  year={2016}
}

@inproceedings{tran2015learning,
  title={Learning spatiotemporal features with 3d convolutional networks},
  author={Tran, Du and Bourdev, Lubomir and Fergus, Rob and Torresani, Lorenzo and Paluri, Manohar},
  booktitle={ICCV},
  pages={4489--4497},
  year={2015}
}

@inproceedings{tran2018closer,
  title={A closer look at spatiotemporal convolutions for action recognition},
  author={Tran, Du and Wang, Heng and Torresani, Lorenzo and Ray, Jamie and LeCun, Yann and Paluri, Manohar},
  booktitle={CVPR},
  pages={6450--6459},
  year={2018}
}

@inproceedings{carreira2017quo,
  title={Quo vadis, action recognition? a new model and the kinetics dataset},
  author={Carreira, Joao and Zisserman, Andrew},
  booktitle={CVPR},
  pages={6299--6308},
  year={2017}
}

@article{idrees2017thumos,
  title={The THUMOS challenge on action recognition for videos “in the wild”},
  author={Idrees, Haroon and Zamir, Amir R and Jiang, Yu-Gang and Gorban, Alex and Laptev, Ivan and Sukthankar, Rahul and Shah, Mubarak},
  journal={Computer Vision and Image Understanding},
  volume={155},
  pages={1--23},
  year={2017},
  publisher={Elsevier}
}

@inproceedings{caba2015activitynet,
  title={Activitynet: A large-scale video benchmark for human activity understanding},
  author={Caba Heilbron, Fabian and Escorcia, Victor and Ghanem, Bernard and Carlos Niebles, Juan},
  booktitle={CVPR},
  pages={961--970},
  year={2015}
}

@incollection{wedel2009improved,
  title={An improved algorithm for tv-l 1 optical flow},
  author={Wedel, Andreas and Pock, Thomas and Zach, Christopher and Bischof, Horst and Cremers, Daniel},
  booktitle={Statistical and geometrical approaches to visual motion analysis},
  pages={23--45},
  year={2009},
  publisher={Springer}
}

@inproceedings{zhou2016learning,
  title={Learning deep features for discriminative localization},
  author={Zhou, Bolei and Khosla, Aditya and Lapedriza, Agata and Oliva, Aude and Torralba, Antonio},
  booktitle={CVPR},
  pages={2921--2929},
  year={2016}
}

@article{dietterich1997solving,
  title={Solving the multiple instance problem with axis-parallel rectangles},
  author={Dietterich, Thomas G and Lathrop, Richard H and Lozano-P{\'e}rez, Tom{\'a}s},
  journal={Artificial intelligence},
  volume={89},
  number={1-2},
  pages={31--71},
  year={1997},
  publisher={Elsevier}
}

@article{singh2016untrimmed,
  title={Untrimmed video classification for activity detection: submission to activitynet challenge},
  author={Singh, Gurkirt and Cuzzolin, Fabio},
  journal={arXiv preprint arXiv:1607.01979},
  year={2016}
}

@article{xiong2017pursuit,
  title={A pursuit of temporal accuracy in general activity detection},
  author={Xiong, Yuanjun and Zhao, Yue and Wang, Limin and Lin, Dahua and Tang, Xiaoou},
  journal={arXiv preprint arXiv:1703.02716},
  year={2017}
}

@inproceedings{singh2016multi,
  title={A multi-stream bi-directional recurrent neural network for fine-grained action detection},
  author={Singh, Bharat and Marks, Tim K and Jones, Michael and Tuzel, Oncel and Shao, Ming},
  booktitle={CVPR},
  pages={1961--1970},
  year={2016}
}

@inproceedings{dai2017temporal,
  title={Temporal context network for activity localization in videos},
  author={Dai, Xiyang and Singh, Bharat and Zhang, Guyue and Davis, Larry S and Qiu Chen, Yan},
  booktitle={ICCV},
  pages={5793--5802},
  year={2017}
}

@inproceedings{Yuan2019MARGINALIZEDAA,
  title={MARGINALIZED AVERAGE ATTENTIONAL NETWORK FOR WEAKLY-SUPERVISED LEARNING},
  author={Yuan Yuan and Yueming Lyu and Xi Shen and Ivor Wai-Hung Tsang and Dit-Yan Yeung},
  booktitle={ICLR},
  year={2019}
}

@inproceedings{Zhong2018StepbystepEO,
  title={Step-by-step Erasion, One-by-one Collection: A Weakly Supervised Temporal Action Detector},
  author={Jia-Xing Zhong and Nannan Li and Weijie Kong and Tao Zhang and Thomas H. Li and Ge Li},
  booktitle={ACM MM},
  year={2018}
}

@article{paszke2017automatic,
  title={Automatic differentiation in pytorch},
  author={Paszke, Adam and Gross, Sam and Chintala, Soumith and Chanan, Gregory and Yang, Edward and DeVito, Zachary and Lin, Zeming and Desmaison, Alban and Antiga, Luca and Lerer, Adam},
  year={2017}
}

@inproceedings{liu2019completeness,
  title={Completeness Modeling and Context Separation for Weakly Supervised Temporal Action Localization},
  author={Liu, Daochang and Jiang, Tingting and Wang, Yizhou},
  booktitle={CVPR},
  pages={1298--1307},
  year={2019}
}

@inproceedings{long2019gaussian,
  title={Gaussian Temporal Awareness Networks for Action Localization},
  author={Long, Fuchen and Yao, Ting and Qiu, Zhaofan and Tian, Xinmei and Luo, Jiebo and Mei, Tao},
  booktitle={CVPR},
  pages={344--353},
  year={2019}
}

@misc{THUMOS14,
   author = "Jiang, Y.-G. and Liu, J. and Roshan Zamir, A. and Toderici, G. and Laptev,
   I. and Shah, M. and Sukthankar, R.",
   title = "{THUMOS} Challenge: Action Recognition with a Large
   Number of Classes",
   howpublished = "http://crcv.ucf.edu/THUMOS14/",
   Year = {2014}
}

@inproceedings{deng2009imagenet,
  title={Imagenet: A large-scale hierarchical image database},
  author={Deng, Jia and Dong, Wei and Socher, Richard and Li, Li-Jia and Li, Kai and Fei-Fei, Li},
  booktitle={CVPR},
  pages={248--255},
  year={2009},
  organization={Ieee}
}