@inproceedings{DBLP:conf/cvpr/MunCH20,
  author    = {Jonghwan Mun and
               Minsu Cho and
               Bohyung Han},
  title     = {Local-Global Video-Text Interactions for Temporal Grounding},
  booktitle = {CVPR},
  pages     = {10807--10816},
  year      = {2020}
}

@inproceedings{DBLP:conf/aaai/Wang0J20,
  author    = {Jingwen Wang and
               Lin Ma and
               Wenhao Jiang},
  title     = {Temporally Grounding Language Queries in Videos by Contextual Boundary-Aware
               Prediction},
  booktitle = {AAAI},
  pages     = {12168--12175},
  year      = {2020}
}

@inproceedings{DBLP:conf/wacv/OpazoMSLG20,
  author    = {Cristian Rodriguez Opazo and
               Edison Marrese{-}Taylor and
               Fatemeh Sadat Saleh and
               Hongdong Li and
               Stephen Gould},
  title     = {Proposal-free Temporal Moment Localization of a Natural-Language Query
               in Video using Guided Attention},
  booktitle = {WACV},
  pages     = {2453--2462},
  year      = {2020}
}

@inproceedings{DBLP:conf/naacl/GhoshAPH19,
  author    = {Soham Ghosh and
               Anuva Agarwal and
               Zarana Parekh and
               Alexander G. Hauptmann},
  title     = {ExCL: Extractive Clip Localization Using Natural Language Descriptions},
  booktitle = {NAACL},
  pages     = {1984--1990},
  year      = {2019}
}

@inproceedings{DBLP:conf/cvpr/ZengXHCTG20,
  author    = {Runhao Zeng and
               Haoming Xu and
               Wenbing Huang and
               Peihao Chen and
               Mingkui Tan and
               Chuang Gan},
  title     = {Dense Regression Network for Video Grounding},
  booktitle = {CVPR},
  pages     = {10284--10293},
  year      = {2020}
}

@inproceedings{DBLP:conf/aaai/ChenLTXZTL20,
  author    = {Long Chen and
               Chujie Lu and
               Siliang Tang and
               Jun Xiao and
               Dong Zhang and
               Chilie Tan and
               Xiaolin Li},
  title     = {Rethinking the Bottom-Up Framework for Query-Based Video Localization},
  booktitle = {AAAI},
  pages     = {10551--10558},
  year      = {2020}
}

@inproceedings{LuCTLX19,
  author    = {Chujie Lu and
               Long Chen and
               Chilie Tan and
               Xiaolin Li and
               Jun Xiao},
  title     = {{DEBUG:} {A} Dense Bottom-Up Grounding Approach for Natural Language
               Video Localization},
  booktitle = {EMNLP},
  pages     = {5143--5152},
  year      = {2019}
}

@inproceedings{ChenCMJC18,
  author    = {Jingyuan Chen and
               Xinpeng Chen and
               Lin Ma and
               Zequn Jie and
               Tat{-}Seng Chua},
  title     = {Temporally Grounding Natural Sentence in Video},
  pages     = {162--171},
  booktitle = {EMNLP},
  year      = {2018}
}
@inproceedings{DBLP:conf/aaai/Chen0CJL19,
  author    = {Jingyuan Chen and
               Lin Ma and
               Xinpeng Chen and
               Zequn Jie and
               Jiebo Luo},
  title     = {Localizing Natural Language in Videos},
  pages     = {8175--8182},
  booktitle = {AAAI},
  year      = {2019}
}
@inproceedings{DBLP:conf/aaai/ChenJ19a,
  author    = {Shaoxiang Chen and
               Yu{-}Gang Jiang},
  title     = {Semantic Proposal for Activity Localization in Videos via Sentence Query},
  pages     = {8199--8206},
  booktitle = {AAAI},
  year      = {2019}
}
@inproceedings{DBLP:conf/iccv/GaoSYN17,
  author    = {Jiyang Gao and
               Chen Sun and
               Zhenheng Yang and
               Ram Nevatia},
  title     = {{TALL:} Temporal Activity Localization via Language Query},
  booktitle = {ICCV},
  pages     = {5277--5285},
  year      = {2017}
}
@inproceedings{DBLP:conf/wacv/GeGCN19,
  author    = {Runzhou Ge and
               Jiyang Gao and
               Kan Chen and
               Ram Nevatia},
  title     = {{MAC:} Mining Activity Concepts for Language-Based Temporal Localization},
  booktitle = {WACV},
  pages     = {245--253},
  year      = {2019},
}
@inproceedings{DBLP:conf/iccv/HendricksWSSDR17,
  author    = {Lisa Anne Hendricks and
               Oliver Wang and
               Eli Shechtman and
               Josef Sivic and
               Trevor Darrell and
               Bryan C. Russell},
  title     = {Localizing Moments in Video with Natural Language},
  booktitle = {ICCV},
  pages     = {5804--5813},
  year      = {2017}
}

@inproceedings{DBLP:conf/emnlp/HendricksWSSDR18,
  author    = {Lisa Anne Hendricks and
               Oliver Wang and
               Eli Shechtman and
               Josef Sivic and
               Trevor Darrell and
               Bryan C. Russell},
  title     = {Localizing Moments in Video with Temporal Language},
  booktitle = {EMNLP},
  pages     = {1380--1390},
  year      = {2018}
}

@inproceedings{DBLP:conf/iccv/KrishnaHRFN17,
  author    = {Ranjay Krishna and
               Kenji Hata and
               Frederic Ren and
               Li Fei{-}Fei and
               Juan Carlos Niebles},
  title     = {Dense-Captioning Events in Videos},
  booktitle = {ICCV},
  pages     = {706--715},
  year      = {2017}
}

@inproceedings{DBLP:conf/sigir/LiuWN0CC18,
  author    = {Meng Liu and
               Xiang Wang and
               Liqiang Nie and
               Xiangnan He and
               Baoquan Chen and
               Tat{-}Seng Chua},
  title     = {Attentive Moment Retrieval in Videos},
  booktitle = {SIGIR},
  pages     = {15--24},
  year      = {2018}
}

@inproceedings{DBLP:conf/mm/LiuWN0CC18,
  author    = {Meng Liu and
               Xiang Wang and
               Liqiang Nie and
               Qi Tian and
               Baoquan Chen and
               Tat{-}Seng Chua},
  title     = {Cross-modal Moment Localization in Videos},
  booktitle = {MM},
  pages     = {843--851},
  year      = {2018}
}
@inproceedings{DBLP:booktitles/tacl/RegneriRWTSP13,
  author    = {Michaela Regneri and
               Marcus Rohrbach and
               Dominikus Wetzel and
               Stefan Thater and
               Bernt Schiele and
               Manfred Pinkal},
  title     = {Grounding Action Descriptions in Videos},
  booktitle   = {TACL},
  pages     = {25--36},
  year      = {2013}
}

@inproceedings{DBLP:conf/aaai/Xu0PSSS19,
  author    = {Huijuan Xu and
               Kun He and
               Bryan A. Plummer and
               Leonid Sigal and
               Stan Sclaroff and
               Kate Saenko},
  title     = {Multilevel Language and Vision Integration for Text-to-Clip Retrieval},
  booktitle = {AAAI},
  pages     = {9062--9069},
  year      = {2019}
}
@inproceedings{DBLP:conf/aaai/YuanM019,
  author    = {Yitian Yuan and
               Tao Mei and
               Wenwu Zhu},
  title     = {To Find Where You Talk: Temporal Sentence Localization in Video with Attention Based Location Regression},
  booktitle = {AAAI},
  pages     = {9159--9166},
  year      = {2019}
}

@inproceedings{DBLP:conf/cvpr/ZhangDWWD19,
  author    = {Da Zhang and
               Xiyang Dai and
               Xin Wang and
               Yuan{-}Fang Wang and
               Larry S. Davis},
  title     = {{MAN:} Moment Alignment Network for Natural Language Moment Retrieval via Iterative Graph Adjustment},
  booktitle = {CVPR},
  pages     = {1247--1257},
  year      = {2019}
}

@inproceedings{DBLP:conf/mm/ZhangSL19,
  author    = {Songyang Zhang and
               Jinsong Su and
               Jiebo Luo},
  title     = {Exploiting Temporal Relationships in Video Moment Localization with Natural Language},
  booktitle = {MM},
  pages     = {1230--1238},
  year      = {2019}
}

@inproceedings{DBLP:conf/cvpr/WangHW19,
  author    = {Weining Wang and
               Yan Huang and
               Liang Wang},
  title     = {Language-Driven Temporal Activity Localization: {A} Semantic Matching Reinforcement Learning Model},
  booktitle = {CVPR},
  pages     = {334--343},
  year      = {2019}
}

@inproceedings{DBLP:conf/aaai/HeZHLLW19,
  author    = {Dongliang He and
               Xiang Zhao and
               Jizhou Huang and
               Fu Li and
               Xiao Liu and
               Shilei Wen},
  title     = {Read, Watch, and Move: Reinforcement Learning for Temporally Grounding Natural Language Descriptions in Videos},
  booktitle = {AAAI},
  pages     = {334--343},
  year      = {2019}
}
@inproceedings{DBLP:conf/acl/ZhangSJZ20,
  author    = {Hao Zhang and
               Aixin Sun and
               Wei Jing and
               Joey Tianyi Zhou},
  title     = {Span-based Localizing Network for Natural Language Video Localization},
  booktitle = {ACL},
  pages     = {6543--6554},
  year      = {2020}
}
@inproceedings{DBLP:conf/eccv/Duan,
  author    = {Kaiwen Duan and
               Lingxi Xie and
               Honggang Qi and
               Song Bai and
               Qingming Huang and
               Qi Tian},
  title     = {Corner Proposal Network for Anchor-free, Two-stage Object Detection},
  booktitle = {ECCV},
  pages     = {399--416},
  year      = {2020}
}
@inproceedings{DBLP:conf/iclr/YuDLZ00L18,
  author    = {Adams Wei Yu and
               David Dohan and
               Minh{-}Thang Luong and
               Rui Zhao and
               Kai Chen and
               Mohammad Norouzi and
               Quoc V. Le},
  title     = {QANet: Combining Local Convolution with Global Self-Attention for Reading Comprehension},
  booktitle = {ICLR},
  year      = {2018}
}
@inproceedings{DBLP:conf/ijcai/WuH18,
  author    = {Aming Wu and
               Yahong Han},
  title     = {Multi-modal Circulant Fusion for Video-to-Language and Backward},
  booktitle = {IJCAI},
  pages     = {1029--1035},
  year      = {2018}
}

@inproceedings{DBLP:conf/emnlp/LeiYBB18,
  author    = {Jie Lei and
               Licheng Yu and
               Mohit Bansal and
               Tamara L. Berg},
  title     = {{TVQA:} Localized, Compositional Video Question Answering},
  booktitle = {EMNLP},
  pages     = {1369--1379},
  year      = {2018}
}

@inproceedings{DBLP:conf/eccv/ShaoXZHQL18,
  author    = {Dian Shao and
               Yu Xiong and
               Yue Zhao and
               Qingqiu Huang and
               Yu Qiao and
               Dahua Lin},
  title     = {Find and Focus: Retrieve and Localize Video Events with Natural Language Queries},
  booktitle = {ECCV},
  pages     = {202--218},
  year      = {2018}
}

@inproceedings{DBLP:conf/eccv/LawD18,
  author    = {Hei Law and
               Jia Deng},
  title     = {CornerNet: Detecting Objects as Paired Keypoints},
  booktitle = {ECCV},
  pages     = {765--781},
  year      = {2018}
}

@inproceedings{DBLP:conf/iccv/DuanBXQH019,
  author    = {Kaiwen Duan and
               Song Bai and
               Lingxi Xie and
               Honggang Qi and
               Qingming Huang and
               Qi Tian},
  title     = {CenterNet: Keypoint Triplets for Object Detection},
  booktitle = {ICCV},
  pages     = {6568--6577},
  year      = {2019}
}

@inproceedings{DBLP:conf/nips/RenHGS15,
  author    = {Shaoqing Ren and
               Kaiming He and
               Ross B. Girshick and
               Jian Sun},
  title     = {Faster {R-CNN:} Towards Real-Time Object Detection with Region Proposal Networks},
  booktitle = {NIPS},
  pages     = {91--99},
  year      = {2015}
}

@inproceedings{DBLP:conf/nips/DaiLHS16,
  author    = {Jifeng Dai and
               Yi Li and
               Kaiming He and
               Jian Sun},
  title     = {{R-FCN:} Object Detection via Region-based Fully Convolutional Networks},
  booktitle = {NIPS},
  pages     = {379--387},
  year      = {2016}
}

@inproceedings{DBLP:conf/iccv/TranBFTP15,
  author    = {Du Tran and
               Lubomir D. Bourdev and
               Rob Fergus and
               Lorenzo Torresani and
               Manohar Paluri},
  title     = {Learning Spatiotemporal Features with 3D Convolutional Networks},
  booktitle = {ICCV},
  pages     = {4489--4497},
  year      = {2015}
}

@inproceedings{DBLP:conf/cvpr/CarreiraZ17,
  author    = {Jo{\~{a}}o Carreira and
               Andrew Zisserman},
  title     = {Quo Vadis, Action Recognition? {A} New Model and the Kinetics Dataset},
  booktitle = {CVPR},
  pages     = {4724--4733},
  year      = {2017}
}

@inproceedings{DBLP:conf/emnlp/PenningtonSM14,
  author    = {Jeffrey Pennington and
               Richard Socher and
               Christopher D. Manning},
  title     = {Glove: Global Vectors for Word Representation},
  booktitle = {EMNLP},
  pages     = {1532--1543},
  year      = {2014}
}

@inproceedings{DBLP:conf/aaai/ZhangPFL20,
  author    = {Songyang Zhang and
               Houwen Peng and
               Jianlong Fu and
               Jiebo Luo},
  title     = {Learning 2D Temporal Adjacent Networks for Moment Localization with Natural Language},
  booktitle = {AAAI},
  pages     = {12870--12877},
  year      = {2020}
}


@article{xiao2020hierarchical,
  title={Hierarchical Temporal Fusion of Multi-grained Attention Features for Video Question Answering},
  author={Xiao, Shaoning and Li, Yimeng and Ye, Yunan and Chen, Long and Pu, Shiliang and Zhao, Zhou and Shao, Jian and Xiao, Jun},
  journal={Neural Processing Letters},
  pages     = {993--1003},
  year={2020}
}


@inproceedings{ye2017video,
  title={Video question answering via attribute-augmented attention network learning},
  author={Ye, Yunan and Zhao, Zhou and Li, Yimeng and Chen, Long and Xiao, Jun and Zhuang, Yueting},
  booktitle={SIGIR},
  pages     = {829--832},
  year={2017}
}

@inproceedings{chen2021ref,
  title={Ref-NMS: Breaking Proposal Bottlenecks in Two-Stage Referring Expression Grounding},
  author={Chen, Long and Ma, Wenbo and Xiao, Jun and Zhang, Hanwang and Chang, Shih-Fu},
  booktitle={AAAI},
  year={2021}
}