@inproceedings{harabagiu2004incremental,
  title={Incremental topic representations},
  author={Harabagiu, Sanda},
  booktitle={Proceedings of the 20th international conference on Computational Linguistics},
  pages={583},
  year={2004},
  organization={Association for Computational Linguistics}
}

@article{wang2019rtransf,
  title={R-Transformer: Recurrent Neural Network Enhanced Transformer},
  author={Wang, Zhiwei and Ma, Yao and Liu, Zitao and Tang, Jiliang},
  journal={arXiv preprint arXiv:1907.05572},
  year={2019}
}

@article{cooijmans2016recurrent,
  title={Recurrent batch normalization},
  author={Cooijmans, Tim and Ballas, Nicolas and Laurent, C{\'e}sar and G{\"u}l{\c{c}}ehre, {\c{C}}a{\u{g}}lar and Courville, Aaron},
  journal={5th International Conference on Learning Representations, {ICLR} 2017,},
  year={2017}
}

@inproceedings{nastase2006using,
  title={Using dependency relations for text classification},
  author={Nastase, Vivi and Shirabad, Jelber Sayyad and Caropreso, Maria Fernanda},
  booktitle={Proceedings of the 19th Canadian conference on artificial intelligence},
  pages={12--25},
  year={2006},
  organization={Citeseer}
}

@article{hochreiter1997long,
  title={Long short-term memory},
  author={Hochreiter, Sepp and Schmidhuber, J{\"u}rgen},
  journal={Neural computation},
  volume={9},
  number={8},
  pages={1735--1780},
  year={1997},
  publisher={MIT Press}
}

@inproceedings{dieng2018noisin,
  title = {Noisin: Unbiased Regularization for Recurrent Neural Networks},
  author= {Adji Bousso Dieng and Rajesh Ranganath and Jaan Altosaar and David M. Blei},
  booktitle = {Proceedings of the 35th International Conference on Machine Learning,
               {ICML} 2018, Stockholmsm{\"{a}}ssan, Stockholm, Sweden, July
               10-15, 2018},
  pages = {1251--1260},
  year = {2018},
  crossref = {DBLP:conf/icml/2018},
  url  = {http://proceedings.mlr.press/v80/dieng18a.html},
  timestamp = {Wed, 03 Apr 2019 18:17:30 +0200},
  biburl  = {https://dblp.org/rec/bib/conf/icml/DiengRAB18},
  bibsource = {dblp computer science bibliography, https://dblp.org}
}

@inproceedings{chung2015recurrent,
  title={A recurrent latent variable model for sequential data},
  author={Chung, Junyoung and Kastner, Kyle and Dinh, Laurent and Goel, Kratarth and Courville, Aaron C and Bengio, Yoshua},
  booktitle={Advances in neural information processing systems},
  pages={2980--2988},
  year={2015}
}

@article{greff2017lstm,
  title={LSTM: A search space odyssey},
  author={Greff, Klaus and Srivastava, Rupesh K and Koutn{\'\i}k, Jan and Steunebrink, Bas R and Schmidhuber, J{\"u}rgen},
  journal={IEEE transactions on neural networks and learning systems},
  volume={28},
  number={10},
  pages={2222--2232},
  year={2017},
  publisher={IEEE}
}

@article{li2018towards,
  title={Towards binary-valued gates for robust lstm training},
  author={Li, Zhuohan and He, Di and Tian, Fei and Chen, Wei and Qin, Tao and Wang, Liwei and Liu, Tie-Yan},
  journal={arXiv preprint arXiv:1806.02988},
  year={2018}
}

@article{battaglia2018relational,
  title={Relational inductive biases, deep learning, and graph networks},
  author={Battaglia, Peter W and Hamrick, Jessica B and Bapst, Victor and Sanchez-Gonzalez, Alvaro and Zambaldi, Vinicius and Malinowski, Mateusz and Tacchetti, Andrea and Raposo, David and Santoro, Adam and Faulkner, Ryan and others},
  journal={arXiv preprint arXiv:1806.01261},
  year={2018}
}

@article{kampffmeyer2019connnet,
  title={ConnNet: A Long-Range Relation-Aware Pixel-Connectivity Network for Salient Segmentation},
  author={Kampffmeyer, Michael and Dong, Nanqing and Liang, Xiaodan and Zhang, Yujia and Xing, Eric P},
  journal={IEEE Transactions on Image Processing},
  volume={28},
  number={5},
  pages={2518--2529},
  year={2019},
  publisher={IEEE}
}

@inproceedings{ruiz2016generalized,
  title={The generalized reparameterization gradient},
  author={Ruiz, Francisco R and AUEB, Michalis Titsias RC and Blei, David},
  booktitle={Advances in neural information processing systems},
  pages={460--468},
  year={2016}
}

@article{jankowiak2018pathwise,
  title={Pathwise Derivatives Beyond the Reparameterization Trick},
  author={Jankowiak, Martin and Obermeyer, Fritz},
  journal={arXiv preprint arXiv:1806.01851},
  year={2018}
}

@article{williams1992simple,
  title={Simple statistical gradient-following algorithms for connectionist reinforcement learning},
  author={Williams, Ronald J},
  journal={Machine learning},
  volume={8},
  number={3-4},
  pages={229--256},
  year={1992},
  publisher={Springer}
}

@inproceedings{sru,
    title = "Simple Recurrent Units for Highly Parallelizable Recurrence",
    author = "Lei, Tao  and
      Zhang, Yu  and
      Wang, Sida I.  and
      Dai, Hui  and
      Artzi, Yoav",
    booktitle = "Proceedings of the 2018 Conference on Empirical Methods in Natural Language Processing",
    month = oct # "-" # nov,
    year = "2018",
    address = "Brussels, Belgium",
    publisher = "Association for Computational Linguistics",
    url = "https://www.aclweb.org/anthology/D18-1477",
    doi = "10.18653/v1/D18-1477",
    pages = "4470--4481",
}

@article{glynn1990likelihood,
  title={Likelihood ratio gradient estimation for stochastic systems},
  author={Glynn, Peter W},
  journal={Communications of the ACM},
  volume={33},
  number={10},
  pages={75--84},
  year={1990},
  publisher={ACM}
}

@article{DBLP:journals/corr/abs-1904-09816,
  author    = {Sungrae Park and
               Kyungwoo Song and
               Mingi Ji and
               Wonsung Lee and
               Il{-}Chul Moon},
  title     = {Adversarial Dropout for Recurrent Neural Networks},
  journal   = {CoRR},
  volume    = {abs/1904.09816},
  year      = {2019},
  url       = {http://arxiv.org/abs/1904.09816},
  archivePrefix = {arXiv},
  eprint    = {1904.09816},
  timestamp = {Fri, 26 Apr 2019 13:18:53 +0200},
  biburl    = {https://dblp.org/rec/bib/journals/corr/abs-1904-09816},
  bibsource = {dblp computer science bibliography, https://dblp.org}
}

@inproceedings{gal2016theoretically,
  title={A theoretically grounded application of dropout in recurrent neural networks},
  author={Gal, Yarin and Ghahramani, Zoubin},
  booktitle={Advances in neural information processing systems},
  pages={1019--1027},
  year={2016}
}

@inproceedings{serban2017hierarchical,
  title={A hierarchical latent variable encoder-decoder model for generating dialogues},
  author={Serban, Iulian Vlad and Sordoni, Alessandro and Lowe, Ryan and Charlin, Laurent and Pineau, Joelle and Courville, Aaron and Bengio, Yoshua},
  booktitle={Thirty-First AAAI Conference on Artificial Intelligence},
  year={2017}
}

@incollection{NIPS2018_8253,
title = {Complex Gated Recurrent Neural Networks},
author = {Wolter, Moritz and Yao, Angela},
booktitle = {Advances in Neural Information Processing Systems 31},
editor = {S. Bengio and H. Wallach and H. Larochelle and K. Grauman and N. Cesa-Bianchi and R. Garnett},
pages = {10536--10546},
year = {2018},
publisher = {Curran Associates, Inc.},
url = {http://papers.nips.cc/paper/8253-complex-gated-recurrent-neural-networks.pdf}
}

@inproceedings{lafferty2006correlated,
  title={Correlated topic models},
  author={Lafferty, John D and Blei, David M},
  booktitle={Advances in neural information processing systems},
  pages={147--154},
  year={2006}
}

@article{tang2019correlated,
  title={Correlated Variational Auto-Encoders},
  author={Tang, Da and Liang, Dawen and Jebara, Tony and Ruozzi, Nicholas},
  year={2019}
}

@article{chandar2016correlational,
  title={Correlational neural networks},
  author={Chandar, Sarath and Khapra, Mitesh M and Larochelle, Hugo and Ravindran, Balaraman},
  journal={Neural computation},
  volume={28},
  number={2},
  pages={257--285},
  year={2016},
  publisher={MIT Press}
}

@article{OLKIN2003407,
  title={A bivariate beta distribution},
  author={Olkin, Ingram and Liu, Ruixue},
  journal={Statistics \& Probability Letters},
  volume={62},
  number={4},
  pages={407--412},
  year={2003},
  publisher={Elsevier}
}

@article{ARNOLD20111194,
  title={Flexible bivariate beta distributions},
  author={Arnold, Barry C and Ng, Hon Keung Tony},
  journal={Journal of Multivariate Analysis},
  volume={102},
  number={8},
  pages={1194--1202},
  year={2011},
  publisher={Elsevier}
}

@incollection{NIPS2018_7326,
title = {Implicit Reparameterization Gradients},
author = {Figurnov, Mikhail and Mohamed, Shakir and Mnih, Andriy},
booktitle = {Advances in Neural Information Processing Systems 31},
editor = {S. Bengio and H. Wallach and H. Larochelle and K. Grauman and N. Cesa-Bianchi and R. Garnett},
pages = {441--452},
year = {2018},
publisher = {Curran Associates, Inc.},
url = {http://papers.nips.cc/paper/7326-implicit-reparameterization-gradients.pdf}
}

@InProceedings{pmlr_v54_naesseth17a,
  title = 	 {{Reparameterization Gradients through Acceptance-Rejection Sampling Algorithms}},
  author = 	 {Christian Naesseth and Francisco Ruiz and Scott Linderman and David Blei},
  booktitle = 	 {Proceedings of the 20th International Conference on Artificial Intelligence and Statistics},
  pages = 	 {489--498},
  year = 	 {2017},
  editor = 	 {Aarti Singh and Jerry Zhu},
  volume = 	 {54},
  series = 	 {Proceedings of Machine Learning Research},
  address = 	 {Fort Lauderdale, FL, USA},
  month = 	 {20--22 Apr},
  publisher = 	 {PMLR},
  pdf = 	 {http://proceedings.mlr.press/v54/naesseth17a/naesseth17a.pdf},
  url = 	 {http://proceedings.mlr.press/v54/naesseth17a.html}
}

@inproceedings{45822Gumbel,
  author    = {Eric Jang and
               Shixiang Gu and
               Ben Poole},
  title     = {Categorical Reparameterization with Gumbel-Softmax},
  booktitle = {5th International Conference on Learning Representations, {ICLR} 2017,
               Toulon, France, April 24-26, 2017, Conference Track Proceedings},
  year      = {2017},
  crossref  = {DBLP:conf/iclr/2017},
  url       = {https://openreview.net/forum?id=rkE3y85ee},
  timestamp = {Thu, 04 Apr 2019 13:20:09 +0200},
  biburl    = {https://dblp.org/rec/bib/conf/iclr/JangGP17},
  bibsource = {dblp computer science bibliography, https://dblp.org}
}

@article{DBLP:journals/corr/abs-1901-02739,
  author    = {Weonyoung Joo and
               Wonsung Lee and
               Sungrae Park and
               Il{-}Chul Moon},
  title     = {Dirichlet Variational Autoencoder},
  journal   = {CoRR},
  volume    = {abs/1901.02739},
  year      = {2019},
  url       = {http://arxiv.org/abs/1901.02739},
  archivePrefix = {arXiv},
  eprint    = {1901.02739},
  timestamp = {Fri, 01 Feb 2019 13:39:59 +0100},
  biburl    = {https://dblp.org/rec/bib/journals/corr/abs-1901-02739},
  bibsource = {dblp computer science bibliography, https://dblp.org}
}

@article{song2019hierarchical,
  title={Hierarchical Context enabled Recurrent Neural Network for Recommendation},
  author={Song, Kyungwoo and Ji, Mingi and Park, Sungrae and Moon, Il-Chul},
  year={2019}
}

@inproceedings{chorowski2015attention,
  title={Attention-based models for speech recognition},
  author={Chorowski, Jan K and Bahdanau, Dzmitry and Serdyuk, Dmitriy and Cho, Kyunghyun and Bengio, Yoshua},
  booktitle={Advances in neural information processing systems},
  pages={577--585},
  year={2015}
}

@article{DBLP:journals/corr/abs-1709-02755,
  author    = {Tao Lei and
               Yu Zhang and
               Yoav Artzi},
  title     = {Training RNNs as Fast as CNNs},
  journal   = {CoRR},
  volume    = {abs/1709.02755},
  year      = {2017},
  url       = {http://arxiv.org/abs/1709.02755},
  archivePrefix = {arXiv},
  eprint    = {1709.02755},
  timestamp = {Mon, 13 Aug 2018 16:46:29 +0200},
  biburl    = {https://dblp.org/rec/bib/journals/corr/abs-1709-02755},
  bibsource = {dblp computer science bibliography, https://dblp.org}
}

@inproceedings{vinyals2015show,
  author    = {Oriol Vinyals and
               Alexander Toshev and
               Samy Bengio and
               Dumitru Erhan},
  title     = {Show and tell: {A} neural image caption generator},
  booktitle = {{IEEE} Conference on Computer Vision and Pattern Recognition, {CVPR}
               2015, Boston, MA, USA, June 7-12, 2015},
  pages     = {3156--3164},
  year      = {2015},
  crossref  = {DBLP:conf/cvpr/2015},
  url       = {https://doi.org/10.1109/CVPR.2015.7298935},
  doi       = {10.1109/CVPR.2015.7298935},
  timestamp = {Fri, 02 Jun 2017 20:48:07 +0200},
  biburl    = {https://dblp.org/rec/bib/conf/cvpr/VinyalsTBE15},
  bibsource = {dblp computer science bibliography, https://dblp.org}
}

@inproceedings{xu2015show,
  author    = {Kelvin Xu and
               Jimmy Ba and
               Ryan Kiros and
               Kyunghyun Cho and
               Aaron C. Courville and
               Ruslan Salakhutdinov and
               Richard S. Zemel and
               Yoshua Bengio},
  title     = {Show, Attend and Tell: Neural Image Caption Generation with Visual
               Attention},
  booktitle = {Proceedings of the 32nd International Conference on Machine Learning,
               {ICML} 2015, Lille, France, 6-11 July 2015},
  pages     = {2048--2057},
  year      = {2015},
  crossref  = {DBLP:conf/icml/2015},
  url       = {http://jmlr.org/proceedings/papers/v37/xuc15.html},
  timestamp = {Wed, 03 Apr 2019 18:02:17 +0200},
  biburl    = {https://dblp.org/rec/bib/conf/icml/XuBKCCSZB15},
  bibsource = {dblp computer science bibliography, https://dblp.org}
}


@inproceedings{karpathy2015deep,
  author    = {Andrej Karpathy and
               Fei{-}Fei Li},
  title     = {Deep visual-semantic alignments for generating image descriptions},
  booktitle = {{IEEE} Conference on Computer Vision and Pattern Recognition, {CVPR}
               2015, Boston, MA, USA, June 7-12, 2015},
  pages     = {3128--3137},
  year      = {2015},
  crossref  = {DBLP:conf/cvpr/2015},
  url       = {https://doi.org/10.1109/CVPR.2015.7298932},
  doi       = {10.1109/CVPR.2015.7298932},
  timestamp = {Wed, 06 Feb 2019 10:30:31 +0100},
  biburl    = {https://dblp.org/rec/bib/conf/cvpr/KarpathyL15},
  bibsource = {dblp computer science bibliography, https://dblp.org}
}

@inproceedings{you2016image,
  author    = {Quanzeng You and
               Hailin Jin and
               Zhaowen Wang and
               Chen Fang and
               Jiebo Luo},
  title     = {Image Captioning with Semantic Attention},
  booktitle = {2016 {IEEE} Conference on Computer Vision and Pattern Recognition,
               {CVPR} 2016, Las Vegas, NV, USA, June 27-30, 2016},
  pages     = {4651--4659},
  year      = {2016},
  crossref  = {DBLP:conf/cvpr/2016},
  url       = {https://doi.org/10.1109/CVPR.2016.503},
  doi       = {10.1109/CVPR.2016.503},
  timestamp = {Thu, 25 May 2017 00:41:19 +0200},
  biburl    = {https://dblp.org/rec/bib/conf/cvpr/YouJWFL16},
  bibsource = {dblp computer science bibliography, https://dblp.org}
}

@inproceedings{yao2017boosting,
  author    = {Ting Yao and
               Yingwei Pan and
               Yehao Li and
               Zhaofan Qiu and
               Tao Mei},
  title     = {Boosting Image Captioning with Attributes},
  booktitle = {{IEEE} International Conference on Computer Vision, {ICCV} 2017, Venice,
               Italy, October 22-29, 2017},
  pages     = {4904--4912},
  year      = {2017},
  crossref  = {DBLP:conf/iccv/2017},
  url       = {https://doi.org/10.1109/ICCV.2017.524},
  doi       = {10.1109/ICCV.2017.524},
  timestamp = {Thu, 11 Jan 2018 13:21:37 +0100},
  biburl    = {https://dblp.org/rec/bib/conf/iccv/YaoPLQM17},
  bibsource = {dblp computer science bibliography, https://dblp.org}
}

@inproceedings{lu2017knowing,
  author    = {Jiasen Lu and
               Caiming Xiong and
               Devi Parikh and
               Richard Socher},
  title     = {Knowing When to Look: Adaptive Attention via a Visual Sentinel for
               Image Captioning},
  booktitle = {2017 {IEEE} Conference on Computer Vision and Pattern Recognition,
               {CVPR} 2017, Honolulu, HI, USA, July 21-26, 2017},
  pages     = {3242--3250},
  year      = {2017},
  crossref  = {DBLP:conf/cvpr/2017},
  url       = {https://doi.org/10.1109/CVPR.2017.345},
  doi       = {10.1109/CVPR.2017.345},
  timestamp = {Thu, 16 Nov 2017 11:06:44 +0100},
  biburl    = {https://dblp.org/rec/bib/conf/cvpr/LuXPS17},
  bibsource = {dblp computer science bibliography, https://dblp.org}
}

@inproceedings{serdyuk2018twin,
  author    = {Dmitriy Serdyuk and
               Nan Rosemary Ke and
               Alessandro Sordoni and
               Adam Trischler and
               Chris Pal and
               Yoshua Bengio},
  title     = {Twin Networks: Matching the Future for Sequence Generation},
  booktitle = {6th International Conference on Learning Representations, {ICLR} 2018,
               Vancouver, BC, Canada, April 30 - May 3, 2018, Conference Track Proceedings},
  year      = {2018},
  crossref  = {DBLP:conf/iclr/2018},
  url       = {https://openreview.net/forum?id=BydLzGb0Z},
  timestamp = {Thu, 04 Apr 2019 13:20:09 +0200},
  biburl    = {https://dblp.org/rec/bib/conf/iclr/SerdyukKSTPB18},
  bibsource = {dblp computer science bibliography, https://dblp.org}
}

@inproceedings{hdetach2019,
  author    = {Bhargav Kanuparthi and
               Devansh Arpit and
               Giancarlo Kerg and
               Nan Rosemary Ke and
               Ioannis Mitliagkas and
               Yoshua Bengio},
  title     = {h-detach: Modifying the {LSTM} Gradient Towards Better Optimization},
  booktitle = {7th International Conference on Learning Representations, {ICLR} 2019,
               New Orleans, LA, USA, May 6-9, 2019},
  year      = {2019},
  crossref  = {DBLP:conf/iclr/2019},
  url       = {https://openreview.net/forum?id=ryf7ioRqFX},
  timestamp = {Thu, 25 Jul 2019 14:25:51 +0200},
  biburl    = {https://dblp.org/rec/bib/conf/iclr/KanuparthiAKKMB19},
  bibsource = {dblp computer science bibliography, https://dblp.org}
}

@inproceedings{statru17,
  author    = {Junier B. Oliva and
               Barnab{\'{a}}s P{\'{o}}czos and
               Jeff G. Schneider},
  title     = {The Statistical Recurrent Unit},
  booktitle = {Proceedings of the 34th International Conference on Machine Learning,
               {ICML} 2017, Sydney, NSW, Australia, 6-11 August 2017},
  pages     = {2671--2680},
  year      = {2017},
  crossref  = {DBLP:conf/icml/2017},
  url       = {http://proceedings.mlr.press/v70/oliva17a.html},
  timestamp = {Wed, 03 Apr 2019 18:17:26 +0200},
  biburl    = {https://dblp.org/rec/bib/conf/icml/OlivaPS17},
  bibsource = {dblp computer science bibliography, https://dblp.org}
}

@inproceedings{muiscLewandowskiBV12,
  author    = {Nicolas Boulanger{-}Lewandowski and
               Yoshua Bengio and
               Pascal Vincent},
  title     = {Modeling Temporal Dependencies in High-Dimensional Sequences: Application
               to Polyphonic Music Generation and Transcription},
  booktitle = {Proceedings of the 29th International Conference on Machine Learning,
               {ICML} 2012, Edinburgh, Scotland, UK, June 26 - July 1, 2012},
  year      = {2012},
  crossref  = {DBLP:conf/icml/2012},
  url       = {http://icml.cc/2012/papers/590.pdf},
  timestamp = {Wed, 03 Apr 2019 17:43:35 +0200},
  biburl    = {https://dblp.org/rec/bib/conf/icml/Boulanger-LewandowskiBV12},
  bibsource = {dblp computer science bibliography, https://dblp.org}
}

@article{TCN2018,
  author    = {Shaojie Bai and
               J. Zico Kolter and
               Vladlen Koltun},
  title     = {An Empirical Evaluation of Generic Convolutional and Recurrent Networks
               for Sequence Modeling},
  journal   = {CoRR},
  volume    = {abs/1803.01271},
  year      = {2018},
  url       = {http://arxiv.org/abs/1803.01271},
  archivePrefix = {arXiv},
  eprint    = {1803.01271},
  timestamp = {Mon, 13 Aug 2018 16:47:39 +0200},
  biburl    = {https://dblp.org/rec/bib/journals/corr/abs-1803-01271},
  bibsource = {dblp computer science bibliography, https://dblp.org}
}

@inproceedings{14Adam,
  author    = {Diederik P. Kingma and
               Jimmy Ba},
  title     = {Adam: {A} Method for Stochastic Optimization},
  booktitle = {3rd International Conference on Learning Representations, {ICLR} 2015,
               San Diego, CA, USA, May 7-9, 2015, Conference Track Proceedings},
  year      = {2015},
  crossref  = {DBLP:conf/iclr/2015},
  url       = {http://arxiv.org/abs/1412.6980},
  timestamp = {Fri, 29 Mar 2019 10:36:36 +0100},
  biburl    = {https://dblp.org/rec/bib/journals/corr/KingmaB14},
  bibsource = {dblp computer science bibliography, https://dblp.org}
}

@inproceedings{MR2005,
  author    = {Bo Pang and
               Lillian Lee},
  title     = {Seeing Stars: Exploiting Class Relationships for Sentiment Categorization
               with Respect to Rating Scales},
  booktitle = {{ACL} 2005, 43rd Annual Meeting of the Association for Computational
               Linguistics, Proceedings of the Conference, 25-30 June 2005, University
               of Michigan, {USA}},
  pages     = {115--124},
  year      = {2005},
  crossref  = {DBLP:conf/acl/2005},
  url       = {http://aclweb.org/anthology/P/P05/P05-1015.pdf},
  timestamp = {Thu, 17 Aug 2017 17:55:42 +0200},
  biburl    = {https://dblp.org/rec/bib/conf/acl/PangL05},
  bibsource = {dblp computer science bibliography, https://dblp.org}
}

@inproceedings{SUBJ2004,
  author    = {Bo Pang and
               Lillian Lee},
  title     = {A Sentimental Education: Sentiment Analysis Using Subjectivity Summarization
               Based on Minimum Cuts},
  booktitle = {Proceedings of the 42nd Annual Meeting of the Association for Computational
               Linguistics, 21-26 July, 2004, Barcelona, Spain.},
  pages     = {271--278},
  year      = {2004},
  crossref  = {DBLP:conf/acl/2004},
  url       = {http://aclweb.org/anthology/P/P04/P04-1035.pdf},
  timestamp = {Thu, 17 Aug 2017 17:55:41 +0200},
  biburl    = {https://dblp.org/rec/bib/conf/acl/PangL04},
  bibsource = {dblp computer science bibliography, https://dblp.org}
}

@inproceedings{CR2004,
  author    = {Minqing Hu and
               Bing Liu},
  title     = {Mining and summarizing customer reviews},
  booktitle = {Proceedings of the Tenth {ACM} {SIGKDD} International Conference on
               Knowledge Discovery and Data Mining, Seattle, Washington, USA, August
               22-25, 2004},
  pages     = {168--177},
  year      = {2004},
  crossref  = {DBLP:conf/kdd/2004},
  url       = {https://doi.org/10.1145/1014052.1014073},
  doi       = {10.1145/1014052.1014073},
  timestamp = {Wed, 14 Nov 2018 10:52:06 +0100},
  biburl    = {https://dblp.org/rec/bib/conf/kdd/HuL04},
  bibsource = {dblp computer science bibliography, https://dblp.org}
}

@inproceedings{TREC2002,
  author    = {Xin Li and
               Dan Roth},
  title     = {Learning Question Classifiers},
  booktitle = {19th International Conference on Computational Linguistics, {COLING}
               2002, Howard International House and Academia Sinica, Taipei, Taiwan,
               August 24 - September 1, 2002},
  year      = {2002},
  crossref  = {DBLP:conf/coling/2002},
  url       = {http://aclweb.org/anthology/C02-1150},
  timestamp = {Wed, 09 Mar 2016 10:57:50 +0100},
  biburl    = {https://dblp.org/rec/bib/conf/coling/LiR02},
  bibsource = {dblp computer science bibliography, https://dblp.org}
}

@article{MPQA2005,
  author    = {Janyce Wiebe and
               Theresa Wilson and
               Claire Cardie},
  title     = {Annotating Expressions of Opinions and Emotions in Language},
  journal   = {Language Resources and Evaluation},
  volume    = {39},
  number    = {2-3},
  pages     = {165--210},
  year      = {2005},
  url       = {https://doi.org/10.1007/s10579-005-7880-9},
  doi       = {10.1007/s10579-005-7880-9},
  timestamp = {Wed, 14 Nov 2018 10:51:33 +0100},
  biburl    = {https://dblp.org/rec/bib/journals/lre/WiebeWC05},
  bibsource = {dblp computer science bibliography, https://dblp.org}
}

@inproceedings{SST2013,
  author    = {Richard Socher and
               Alex Perelygin and
               Jean Wu and
               Jason Chuang and
               Christopher D. Manning and
               Andrew Y. Ng and
               Christopher Potts},
  title     = {Recursive Deep Models for Semantic Compositionality Over a Sentiment
               Treebank},
  booktitle = {Proceedings of the 2013 Conference on Empirical Methods in Natural
               Language Processing, {EMNLP} 2013, 18-21 October 2013, Grand Hyatt
               Seattle, Seattle, Washington, USA, {A} meeting of SIGDAT, a Special
               Interest Group of the {ACL}},
  pages     = {1631--1642},
  year      = {2013},
  crossref  = {DBLP:conf/emnlp/2013},
  url       = {https://aclanthology.info/papers/D13-1170/d13-1170},
  timestamp = {Tue, 28 Aug 2018 14:01:14 +0200},
  biburl    = {https://dblp.org/rec/bib/conf/emnlp/SocherPWCMNP13},
  bibsource = {dblp computer science bibliography, https://dblp.org}
}

@inproceedings{MSCOCO2014,
  author    = {Tsung{-}Yi Lin and
               Michael Maire and
               Serge J. Belongie and
               James Hays and
               Pietro Perona and
               Deva Ramanan and
               Piotr Doll{\'{a}}r and
               C. Lawrence Zitnick},
  title     = {Microsoft {COCO:} Common Objects in Context},
  booktitle = {Computer Vision - {ECCV} 2014 - 13th European Conference, Zurich,
               Switzerland, September 6-12, 2014, Proceedings, Part {V}},
  pages     = {740--755},
  year      = {2014},
  crossref  = {DBLP:conf/eccv/2014-5},
  url       = {https://doi.org/10.1007/978-3-319-10602-1\_48},
  doi       = {10.1007/978-3-319-10602-1\_48},
  timestamp = {Tue, 14 May 2019 10:00:45 +0200},
  biburl    = {https://dblp.org/rec/bib/conf/eccv/LinMBHPRDZ14},
  bibsource = {dblp computer science bibliography, https://dblp.org}
}


@inproceedings{VAE2014,
  author    = {Diederik P. Kingma and
               Max Welling},
  title     = {Auto-Encoding Variational Bayes},
  booktitle = {2nd International Conference on Learning Representations, {ICLR} 2014,
               Banff, AB, Canada, April 14-16, 2014, Conference Track Proceedings},
  year      = {2014},
  crossref  = {DBLP:conf/iclr/2014},
  url       = {http://arxiv.org/abs/1312.6114},
  timestamp = {Thu, 04 Apr 2019 13:20:07 +0200},
  biburl    = {https://dblp.org/rec/bib/journals/corr/KingmaW13},
  bibsource = {dblp computer science bibliography, https://dblp.org}
}

@article{ELBO1999,
  author    = {Michael I. Jordan and
               Zoubin Ghahramani and
               Tommi S. Jaakkola and
               Lawrence K. Saul},
  title     = {An Introduction to Variational Methods for Graphical Models},
  journal   = {Machine Learning},
  volume    = {37},
  number    = {2},
  pages     = {183--233},
  year      = {1999},
  url       = {https://doi.org/10.1023/A:1007665907178},
  doi       = {10.1023/A:1007665907178},
  timestamp = {Sun, 28 May 2017 13:18:24 +0200},
  biburl    = {https://dblp.org/rec/bib/journals/ml/JordanGJS99},
  bibsource = {dblp computer science bibliography, https://dblp.org}
}

@inproceedings{resnet2016,
  author    = {Kaiming He and
               Xiangyu Zhang and
               Shaoqing Ren and
               Jian Sun},
  title     = {Deep Residual Learning for Image Recognition},
  booktitle = {2016 {IEEE} Conference on Computer Vision and Pattern Recognition,
               {CVPR} 2016, Las Vegas, NV, USA, June 27-30, 2016},
  pages     = {770--778},
  year      = {2016},
  crossref  = {DBLP:conf/cvpr/2016},
  url       = {https://doi.org/10.1109/CVPR.2016.90},
  doi       = {10.1109/CVPR.2016.90},
  timestamp = {Wed, 17 Apr 2019 17:23:45 +0200},
  biburl    = {https://dblp.org/rec/bib/conf/cvpr/HeZRS16},
  bibsource = {dblp computer science bibliography, https://dblp.org}
}

@inproceedings{BLEU2002,
  author    = {Kishore Papineni and
               Salim Roukos and
               Todd Ward and
               Wei{-}Jing Zhu},
  title     = {Bleu: a Method for Automatic Evaluation of Machine Translation},
  booktitle = {Proceedings of the 40th Annual Meeting of the Association for Computational
               Linguistics, July 6-12, 2002, Philadelphia, PA, {USA.}},
  pages     = {311--318},
  year      = {2002},
  crossref  = {DBLP:conf/acl/2002},
  url       = {http://www.aclweb.org/anthology/P02-1040.pdf},
  timestamp = {Thu, 17 Aug 2017 17:55:42 +0200},
  biburl    = {https://dblp.org/rec/bib/conf/acl/PapineniRWZ02},
  bibsource = {dblp computer science bibliography, https://dblp.org}
}

@inproceedings{ROUGE2004,
  author    = {Chin{-}Yew Lin and
               Franz Josef Och},
  title     = {Automatic Evaluation of Machine Translation Quality Using Longest
               Common Subsequence and Skip-Bigram Statistics},
  booktitle = {Proceedings of the 42nd Annual Meeting of the Association for Computational
               Linguistics, 21-26 July, 2004, Barcelona, Spain.},
  pages     = {605--612},
  year      = {2004},
  crossref  = {DBLP:conf/acl/2004},
  url       = {http://aclweb.org/anthology/P/P04/P04-1077.pdf},
  timestamp = {Thu, 17 Aug 2017 17:55:41 +0200},
  biburl    = {https://dblp.org/rec/bib/conf/acl/LinO04},
  bibsource = {dblp computer science bibliography, https://dblp.org}
}

@inproceedings{SPICE2016,
  author    = {Peter Anderson and
               Basura Fernando and
               Mark Johnson and
               Stephen Gould},
  title     = {{SPICE:} Semantic Propositional Image Caption Evaluation},
  booktitle = {Computer Vision - {ECCV} 2016 - 14th European Conference, Amsterdam,
               The Netherlands, October 11-14, 2016, Proceedings, Part {V}},
  pages     = {382--398},
  year      = {2016},
  crossref  = {DBLP:conf/eccv/2016-5},
  url       = {https://doi.org/10.1007/978-3-319-46454-1\_24},
  doi       = {10.1007/978-3-319-46454-1\_24},
  timestamp = {Tue, 14 May 2019 10:00:45 +0200},
  biburl    = {https://dblp.org/rec/bib/conf/eccv/AndersonFJG16},
  bibsource = {dblp computer science bibliography, https://dblp.org}
}

@inproceedings{METEOR2005,
  author    = {Satanjeev Banerjee and
               Alon Lavie},
  title     = {{METEOR:} An Automatic Metric for {MT} Evaluation with Improved Correlation
               with Human Judgments},
  booktitle = {Proceedings of the Workshop on Intrinsic and Extrinsic Evaluation
               Measures for Machine Translation and/or Summarization@ACL 2005, Ann
               Arbor, Michigan, USA, June 29, 2005},
  pages     = {65--72},
  year      = {2005},
  crossref  = {DBLP:conf/acl/2005ee},
  url       = {https://aclanthology.info/papers/W05-0909/w05-0909},
  timestamp = {Thu, 21 Jun 2018 07:11:11 +0200},
  biburl    = {https://dblp.org/rec/bib/conf/acl/BanerjeeL05},
  bibsource = {dblp computer science bibliography, https://dblp.org}
}

@inproceedings{cnnKimYoon,
  author    = {Yoon Kim},
  title     = {Convolutional Neural Networks for Sentence Classification},
  booktitle = {Proceedings of the 2014 Conference on Empirical Methods in Natural
               Language Processing, {EMNLP} 2014, October 25-29, 2014, Doha, Qatar,
               {A} meeting of SIGDAT, a Special Interest Group of the {ACL}},
  pages     = {1746--1751},
  year      = {2014},
  crossref  = {DBLP:conf/emnlp/2014},
  url       = {http://aclweb.org/anthology/D/D14/D14-1181.pdf},
  timestamp = {Sat, 15 Nov 2014 14:45:18 +0100},
  biburl    = {https://dblp.org/rec/bib/conf/emnlp/Kim14},
  bibsource = {dblp computer science bibliography, https://dblp.org}
}

@article{MNIST,
  title={Gradient-based learning applied to document recognition},
  author={LeCun, Yann and Bottou, L{\'e}on and Bengio, Yoshua and Haffner, Patrick and others},
  journal={Proceedings of the IEEE},
  volume={86},
  number={11},
  pages={2278--2324},
  year={1998},
  publisher={Taipei, Taiwan}
}

@article{pix2pixMNIST,
  author    = {Quoc V. Le and
               Navdeep Jaitly and
               Geoffrey E. Hinton},
  title     = {A Simple Way to Initialize Recurrent Networks of Rectified Linear
               Units},
  journal   = {CoRR},
  volume    = {abs/1504.00941},
  year      = {2015},
  url       = {http://arxiv.org/abs/1504.00941},
  archivePrefix = {arXiv},
  eprint    = {1504.00941},
  timestamp = {Mon, 13 Aug 2018 16:48:41 +0200},
  biburl    = {https://dblp.org/rec/bib/journals/corr/LeJH15},
  bibsource = {dblp computer science bibliography, https://dblp.org}
}

@article{blei2003latent,
  author    = {David M. Blei and
               Andrew Y. Ng and
               Michael I. Jordan},
  title     = {Latent Dirichlet Allocation},
  journal   = {Journal of Machine Learning Research},
  volume    = {3},
  pages     = {993--1022},
  year      = {2003},
  url       = {http://jmlr.org/papers/v3/blei03a.html},
  timestamp = {Wed, 03 Apr 2019 18:34:04 +0200},
  biburl    = {https://dblp.org/rec/bib/journals/jmlr/BleiNJ03},
  bibsource = {dblp computer science bibliography, https://dblp.org}
}

@article{paszke2017automatic,
  title={Automatic differentiation in PyTorch},
  author={Paszke, Adam and Gross, Sam and Chintala, Soumith and Chanan, Gregory and Yang, Edward and DeVito, Zachary and Lin, Zeming and Desmaison, Alban and Antiga, Luca and Lerer, Adam},
  year={2017}
}
