% -------------------------------- MISC -------------------------------------------------------
@inproceedings{hyun2020varsr,
  title={VarSR: Variational super-resolution network for very low resolution images},
  author={Hyun, Sangeek and Heo, Jae-Pil},
  booktitle={Computer Vision--ECCV 2020: 16th European Conference, Glasgow, UK, August 23--28, 2020, Proceedings, Part XXIII},
  pages={431--447},
  year={2020},
  organization={Springer}
}

@article{lamb,
  title={Large batch optimization for deep learning: Training bert in 76 minutes},
  author={You, Yang and Li, Jing and Reddi, Sashank and Hseu, Jonathan and Kumar, Sanjiv and Bhojanapalli, Srinadh and Song, Xiaodan and Demmel, James and Keutzer, Kurt and Hsieh, Cho-Jui},
  journal={arXiv preprint arXiv:1904.00962},
  year={2019}
}

@article{cosineannealing,
  title={Sgdr: Stochastic gradient descent with warm restarts},
  author={Loshchilov, Ilya and Hutter, Frank},
  journal={arXiv preprint arXiv:1608.03983},
  year={2016}
}

@inproceedings{relu,
  title={Rectified linear units improve restricted boltzmann machines},
  author={Nair, Vinod and Hinton, Geoffrey E},
  booktitle={Proceedings of the 27th international conference on machine learning (ICML-10)},
  pages={807--814},
  year={2010}
}

@article{mixup,
  title={mixup: Beyond empirical risk minimization},
  author={Zhang, Hongyi and Cisse, Moustapha and Dauphin, Yann N and Lopez-Paz, David},
  journal={arXiv preprint arXiv:1710.09412},
  year={2017}
}

@article{rcanit,
  title={Revisiting rcan: Improved training for image super-resolution},
  author={Lin, Zudi and Garg, Prateek and Banerjee, Atmadeep and Magid, Salma Abdel and Sun, Deqing and Zhang, Yulun and Van Gool, Luc and Wei, Donglai and Pfister, Hanspeter},
  journal={arXiv preprint arXiv:2201.11279},
  year={2022}
}

% --------------------- Dont use L2 loss ---------------------------
@article{dont_use_L2_1,
  title={Generating images with perceptual similarity metrics based on deep networks},
  author={Dosovitskiy, Alexey and Brox, Thomas},
  journal={Advances in neural information processing systems},
  volume={29},
  year={2016}
}


@article{dont_use_L2_2,
  title={Deep multi-scale video prediction beyond mean square error},
  author={Mathieu, Michael and Couprie, Camille and LeCun, Yann},
  journal={arXiv preprint arXiv:1511.05440},
  year={2015}
}

% ---------------------- ill-posed nature ------------------------

@inproceedings{jo2021tackling_illposed_1,
  title={Tackling the ill-posedness of super-resolution through adaptive target generation},
  author={Jo, Younghyun and Oh, Seoung Wug and Vajda, Peter and Kim, Seon Joo},
  booktitle={Proceedings of the IEEE/CVF Conference on Computer Vision and Pattern Recognition},
  pages={16236--16245},
  year={2021}
}

@article{he2022revisiting_illposed_2,
  title={Revisiting L1 loss in super-resolution: a probabilistic view and beyond},
  author={He, Xiangyu and Cheng, Jian},
  journal={arXiv preprint arXiv:2201.10084},
  year={2022}
}

@article{ning2021uncertainty,
  title={Uncertainty-driven loss for single image super-resolution},
  author={Ning, Qian and Dong, Weisheng and Li, Xin and Wu, Jinjian and Shi, Guangming},
  journal={Advances in Neural Information Processing Systems},
  volume={34},
  pages={16398--16409},
  year={2021}
}

% ----------------------- center oriented optimization -----------

@inproceedings{coo_1,
  title={A non-local algorithm for image denoising},
  author={Buades, Antoni and Coll, Bartomeu and Morel, J-M},
  booktitle={2005 IEEE computer society conference on computer vision and pattern recognition (CVPR'05)},
  volume={2},
  pages={60--65},
  year={2005},
  organization={Ieee}
}

@article{coo_2,
  title={A review of image denoising algorithms, with a new one},
  author={Buades, Antoni and Coll, Bartomeu and Morel, Jean-Michel},
  journal={Multiscale modeling \& simulation},
  volume={4},
  number={2},
  pages={490--530},
  year={2005},
  publisher={SIAM}
}



% ---------------------- vit and swin --------------------------

@inproceedings{liu2021swin_swinarch,
  title={Swin transformer: Hierarchical vision transformer using shifted windows},
  author={Liu, Ze and Lin, Yutong and Cao, Yue and Hu, Han and Wei, Yixuan and Zhang, Zheng and Lin, Stephen and Guo, Baining},
  booktitle={Proceedings of the IEEE/CVF international conference on computer vision},
  pages={10012--10022},
  year={2021}
}

@article{dosovitskiy2020image_transformerarch,
  title={An image is worth 16x16 words: Transformers for image recognition at scale},
  author={Dosovitskiy, Alexey and Beyer, Lucas and Kolesnikov, Alexander and Weissenborn, Dirk and Zhai, Xiaohua and Unterthiner, Thomas and Dehghani, Mostafa and Minderer, Matthias and Heigold, Georg and Gelly, Sylvain and others},
  journal={arXiv preprint arXiv:2010.11929},
  year={2020}
}


% ------------------------swin ir ---------------------------%
@inproceedings{liang2021swinir,
  title={Swinir: Image restoration using swin transformer},
  author={Liang, Jingyun and Cao, Jiezhang and Sun, Guolei and Zhang, Kai and Van Gool, Luc and Timofte, Radu},
  booktitle={Proceedings of the IEEE/CVF international conference on computer vision},
  pages={1833--1844},
  year={2021}
}

@article{zhang2022swinfir,
  title={SwinFIR: Revisiting the SWINIR with fast Fourier convolution and improved training for image super-resolution},
  author={Zhang, Dafeng and Huang, Feiyu and Liu, Shizhuo and Wang, Xiaobing and Jin, Zhezhu},
  journal={arXiv preprint arXiv:2208.11247},
  year={2022}
}

@InProceedings{chen2023hat,
    author    = {Chen, Xiangyu and Wang, Xintao and Zhou, Jiantao and Qiao, Yu and Dong, Chao},
    title     = {Activating More Pixels in Image Super-Resolution Transformer},
    booktitle = {Proceedings of the IEEE/CVF Conference on Computer Vision and Pattern Recognition (CVPR)},
    month     = {June},
    year      = {2023},
    pages     = {22367-22377}
}



% -------------------- transformer ir --------------------- %

@inproceedings{chen2021pre_transformer1,
  title={Pre-trained image processing transformer},
  author={Chen, Hanting and Wang, Yunhe and Guo, Tianyu and Xu, Chang and Deng, Yiping and Liu, Zhenhua and Ma, Siwei and Xu, Chunjing and Xu, Chao and Gao, Wen},
  booktitle={Proceedings of the IEEE/CVF Conference on Computer Vision and Pattern Recognition},
  pages={12299--12310},
  year={2021}
}

@inproceedings{zamir2022restormer_transformer2,
  title={Restormer: Efficient transformer for high-resolution image restoration},
  author={Zamir, Syed Waqas and Arora, Aditya and Khan, Salman and Hayat, Munawar and Khan, Fahad Shahbaz and Yang, Ming-Hsuan},
  booktitle={Proceedings of the IEEE/CVF Conference on Computer Vision and Pattern Recognition},
  pages={5728--5739},
  year={2022}
}

@inproceedings{wang2022uformer_transformer3,
  title={Uformer: A general u-shaped transformer for image restoration},
  author={Wang, Zhendong and Cun, Xiaodong and Bao, Jianmin and Zhou, Wengang and Liu, Jianzhuang and Li, Houqiang},
  booktitle={Proceedings of the IEEE/CVF Conference on Computer Vision and Pattern Recognition},
  pages={17683--17693},
  year={2022}
}

@article{li2021efficient_transformer4,
  title={On efficient transformer and image pre-training for low-level vision},
  author={Li, Wenbo and Lu, Xin and Lu, Jiangbo and Zhang, Xiangyu and Jia, Jiaya},
  journal={arXiv preprint arXiv:2112.10175},
  year={2021}
}

% --------------------- distillation --------------------------------

@inproceedings{zhang2021data_distillation1,
  title={Data-free knowledge distillation for image super-resolution},
  author={Zhang, Yiman and Chen, Hanting and Chen, Xinghao and Deng, Yiping and Xu, Chunjing and Wang, Yunhe},
  booktitle={Proceedings of the IEEE/CVF Conference on Computer Vision and Pattern Recognition},
  pages={7852--7861},
  year={2021}
}


@article{wang2021towards_distillation2,
  title={Towards compact single image super-resolution via contrastive self-distillation},
  author={Wang, Yanbo and Lin, Shaohui and Qu, Yanyun and Wu, Haiyan and Zhang, Zhizhong and Xie, Yuan and Yao, Angela},
  journal={arXiv preprint arXiv:2105.11683},
  year={2021}
}

@inproceedings{lee2020learning_distillation3,
  title={Learning with privileged information for efficient image super-resolution},
  author={Lee, Wonkyung and Lee, Junghyup and Kim, Dohyung and Ham, Bumsub},
  booktitle={Computer Vision--ECCV 2020: 16th European Conference, Glasgow, UK, August 23--28, 2020, Proceedings, Part XXIV 16},
  pages={465--482},
  year={2020},
  organization={Springer}
}

@inproceedings{gao2019image_distillation4,
  title={Image super-resolution using knowledge distillation},
  author={Gao, Qinquan and Zhao, Yan and Li, Gen and Tong, Tong},
  booktitle={Computer Vision--ACCV 2018: 14th Asian Conference on Computer Vision, Perth, Australia, December 2--6, 2018, Revised Selected Papers, Part II},
  pages={527--541},
  year={2019},
  organization={Springer}
}

% -------------------------- flow based SR ---------------------- %

@inproceedings{flow1,
  title={Low-light image enhancement with normalizing flow},
  author={Wang, Yufei and Wan, Renjie and Yang, Wenhan and Li, Haoliang and Chau, Lap-Pui and Kot, Alex},
  booktitle={Proceedings of the AAAI Conference on Artificial Intelligence},
  volume={36},
  number={3},
  pages={2604--2612},
  year={2022}
}

@inproceedings{flow2,
  title={Flow-based kernel prior with application to blind super-resolution},
  author={Liang, Jingyun and Zhang, Kai and Gu, Shuhang and Van Gool, Luc and Timofte, Radu},
  booktitle={Proceedings of the IEEE/CVF conference on computer vision and pattern recognition},
  pages={10601--10610},
  year={2021}
}

% --------------------------- invertible blocks ---------------------
@article{glow,
  title={Glow: Generative flow with invertible 1x1 convolutions},
  author={Kingma, Durk P and Dhariwal, Prafulla},
  journal={Advances in neural information processing systems},
  volume={31},
  year={2018}
}

@article{realnvp,
  title={Density estimation using real nvp},
  author={Dinh, Laurent and Sohl-Dickstein, Jascha and Bengio, Samy},
  journal={arXiv preprint arXiv:1605.08803},
  year={2016}
}

% ------------ degradations -----------------
@article{lew2021pixel,
  title={Pixel-Level Kernel Estimation for Blind Super-Resolution},
  author={Lew, Jaihyun and Kim, Euiyeon and Heo, Jae-Pil},
  journal={IEEE Access},
  volume={9},
  pages={152803--152818},
  year={2021},
  publisher={IEEE}
}

@inproceedings{ikc,
  title={Blind super-resolution with iterative kernel correction},
  author={Gu, Jinjin and Lu, Hannan and Zuo, Wangmeng and Dong, Chao},
  booktitle={Proceedings of the IEEE/CVF Conference on Computer Vision and Pattern Recognition},
  pages={1604--1613},
  year={2019}
}

@article{kernelgan,
  title={Blind super-resolution kernel estimation using an internal-gan},
  author={Bell-Kligler, Sefi and Shocher, Assaf and Irani, Michal},
  journal={Advances in Neural Information Processing Systems},
  volume={32},
  year={2019}
}

% ----------------------------- theorems ---------------------------

@article{how_does_batchnorm_help,
  title={How does batch normalization help optimization?},
  author={Santurkar, Shibani and Tsipras, Dimitris and Ilyas, Andrew and Madry, Aleksander},
  journal={Advances in neural information processing systems},
  volume={31},
  year={2018}
}

@book{beta_smoothness,
  title={Introductory lectures on convex optimization: A basic course},
  author={Nesterov, Yurii},
  volume={87},
  year={2003},
  publisher={Springer Science \& Business Media}
}

@article{PiecewiseLinear,
  title={A unified view of piecewise linear neural network verification},
  author={Bunel, Rudy R and Turkaslan, Ilker and Torr, Philip and Kohli, Pushmeet and Mudigonda, Pawan K},
  journal={Advances in Neural Information Processing Systems},
  volume={31},
  year={2018}
}

% --------------- SISR (PSNR and Perceptual) -----------------------------

@article{SISR1_SRCNN,
  title={Image super-resolution using deep convolutional networks},
  author={Dong, Chao and Loy, Chen Change and He, Kaiming and Tang, Xiaoou},
  journal={IEEE transactions on pattern analysis and machine intelligence},
  volume={38},
  number={2},
  pages={295--307},
  year={2015},
  publisher={IEEE}
}

@inproceedings{SISR2_EDSR,
  title={Enhanced deep residual networks for single image super-resolution},
  author={Lim, Bee and Son, Sanghyun and Kim, Heewon and Nah, Seungjun and Mu Lee, Kyoung},
  booktitle={Proceedings of the IEEE conference on computer vision and pattern recognition workshops},
  pages={136--144},
  year={2017}
}

@inproceedings{SISR3_VDSR,
  title={Accurate image super-resolution using very deep convolutional networks},
  author={Kim, Jiwon and Lee, Jung Kwon and Lee, Kyoung Mu},
  booktitle={Proceedings of the IEEE conference on computer vision and pattern recognition},
  pages={1646--1654},
  year={2016}
}

@inproceedings{SISR4_RCAN,
  title={Image super-resolution using very deep residual channel attention networks},
  author={Zhang, Yulun and Li, Kunpeng and Li, Kai and Wang, Lichen and Zhong, Bineng and Fu, Yun},
  booktitle={Proceedings of the European conference on computer vision (ECCV)},
  pages={286--301},
  year={2018}
}

@inproceedings{SISR5_SAN,
  title={Second-order attention network for single image super-resolution},
  author={Dai, Tao and Cai, Jianrui and Zhang, Yongbing and Xia, Shu-Tao and Zhang, Lei},
  booktitle={Proceedings of the IEEE/CVF conference on computer vision and pattern recognition},
  pages={11065--11074},
  year={2019}
}

@inproceedings{SISR6_SRGAN,
  title={Photo-realistic single image super-resolution using a generative adversarial network},
  author={Ledig, Christian and Theis, Lucas and Husz{\'a}r, Ferenc and Caballero, Jose and Cunningham, Andrew and Acosta, Alejandro and Aitken, Andrew and Tejani, Alykhan and Totz, Johannes and Wang, Zehan and others},
  booktitle={Proceedings of the IEEE conference on computer vision and pattern recognition},
  pages={4681--4690},
  year={2017}
}

@inproceedings{SISR7_ESRGAN,
  title={Esrgan: Enhanced super-resolution generative adversarial networks},
  author={Wang, Xintao and Yu, Ke and Wu, Shixiang and Gu, Jinjin and Liu, Yihao and Dong, Chao and Qiao, Yu and Change Loy, Chen},
  booktitle={Proceedings of the European conference on computer vision (ECCV) workshops},
  pages={0--0},
  year={2018}
}


@inproceedings{SISR8_RankSRGAN,
  title={Ranksrgan: Generative adversarial networks with ranker for image super-resolution},
  author={Zhang, Wenlong and Liu, Yihao and Dong, Chao and Qiao, Yu},
  booktitle={Proceedings of the IEEE/CVF International Conference on Computer Vision},
  pages={3096--3105},
  year={2019}
}

@inproceedings{SISR9_SRFlow,
  title={Srflow: Learning the super-resolution space with normalizing flow},
  author={Lugmayr, Andreas and Danelljan, Martin and Van Gool, Luc and Timofte, Radu},
  booktitle={Computer Vision--ECCV 2020: 16th European Conference, Glasgow, UK, August 23--28, 2020, Proceedings, Part V 16},
  pages={715--732},
  year={2020},
  organization={Springer}
}

@inproceedings{SISR10_GLEAN,
  title={Glean: Generative latent bank for large-factor image super-resolution},
  author={Chan, Kelvin CK and Wang, Xintao and Xu, Xiangyu and Gu, Jinwei and Loy, Chen Change},
  booktitle={Proceedings of the IEEE/CVF conference on computer vision and pattern recognition},
  pages={14245--14254},
  year={2021}
}


@inproceedings{SISR11_CRAN,
  title={Context reasoning attention network for image super-resolution},
  author={Zhang, Yulun and Wei, Donglai and Qin, Can and Wang, Huan and Pfister, Hanspeter and Fu, Yun},
  booktitle={Proceedings of the IEEE/CVF International Conference on Computer Vision},
  pages={4278--4287},
  year={2021}
}

@inproceedings{SISR12_HAN,
  title={Single image super-resolution via a holistic attention network},
  author={Niu, Ben and Wen, Weilei and Ren, Wenqi and Zhang, Xiangde and Yang, Lianping and Wang, Shuzhen and Zhang, Kaihao and Cao, Xiaochun and Shen, Haifeng},
  booktitle={Computer Vision--ECCV 2020: 16th European Conference, Glasgow, UK, August 23--28, 2020, Proceedings, Part XII 16},
  pages={191--207},
  year={2020},
  organization={Springer}
}

@inproceedings{SISR13_PULSE,
  title={Pulse: Self-supervised photo upsampling via latent space exploration of generative models},
  author={Menon, Sachit and Damian, Alexandru and Hu, Shijia and Ravi, Nikhil and Rudin, Cynthia},
  booktitle={Proceedings of the ieee/cvf conference on computer vision and pattern recognition},
  pages={2437--2445},
  year={2020}
}

% ----------------- Fourier / Spectral Domain -----------------------------------------

@inproceedings{fuoli2021fourier,
  title={Fourier space losses for efficient perceptual image super-resolution},
  author={Fuoli, Dario and Van Gool, Luc and Timofte, Radu},
  booktitle={Proceedings of the IEEE/CVF International Conference on Computer Vision},
  pages={2360--2369},
  year={2021}
}

% ----------------- Perceptual -----------------------------------------

@inproceedings{perception_distortion_tradeoff,
  title={The perception-distortion tradeoff},
  author={Blau, Yochai and Michaeli, Tomer},
  booktitle={Proceedings of the IEEE conference on computer vision and pattern recognition},
  pages={6228--6237},
  year={2018}
}

@inproceedings{perceptual_loss_vgg,
  title={Perceptual losses for real-time style transfer and super-resolution},
  author={Johnson, Justin and Alahi, Alexandre and Fei-Fei, Li},
  booktitle={European conference on computer vision},
  pages={694--711},
  year={2016},
  organization={Springer}
}

@article{gan,
  title={Generative adversarial networks},
  author={Goodfellow, Ian and Pouget-Abadie, Jean and Mirza, Mehdi and Xu, Bing and Warde-Farley, David and Ozair, Sherjil and Courville, Aaron and Bengio, Yoshua},
  journal={Communications of the ACM},
  volume={63},
  number={11},
  pages={139--144},
  year={2020},
  publisher={ACM New York, NY, USA}
}


@article{vggnet,
  title={Very deep convolutional networks for large-scale image recognition},
  author={Simonyan, Karen and Zisserman, Andrew},
  journal={arXiv preprint arXiv:1409.1556},
  year={2014}
}

@inproceedings{lpips,
  title={The unreasonable effectiveness of deep features as a perceptual metric},
  author={Zhang, Richard and Isola, Phillip and Efros, Alexei A and Shechtman, Eli and Wang, Oliver},
  booktitle={Proceedings of the IEEE conference on computer vision and pattern recognition},
  pages={586--595},
  year={2018}
}

@article{niqe,
  title={Making a “completely blind” image quality analyzer},
  author={Mittal, Anish and Soundararajan, Rajiv and Bovik, Alan C},
  journal={IEEE Signal processing letters},
  volume={20},
  number={3},
  pages={209--212},
  year={2012},
  publisher={IEEE}
}



% -------------------- Dataset -----------------------------------------


@article{set5,
  title={Low-complexity single-image super-resolution based on nonnegative neighbor embedding},
  author={Bevilacqua, Marco and Roumy, Aline and Guillemot, Christine and Alberi-Morel, Marie Line},
  year={2012},
  publisher={BMVA press}
}

@inproceedings{set14,
  title={On single image scale-up using sparse-representations},
  author={Zeyde, Roman and Elad, Michael and Protter, Matan},
  booktitle={International conference on curves and surfaces},
  pages={711--730},
  year={2010},
  organization={Springer}
}

@inproceedings{bsd100,
  title={A database of human segmented natural images and its application to evaluating segmentation algorithms and measuring ecological statistics},
  author={Martin, David and Fowlkes, Charless and Tal, Doron and Malik, Jitendra},
  booktitle={Proceedings Eighth IEEE International Conference on Computer Vision. ICCV 2001},
  volume={2},
  pages={416--423},
  year={2001},
  organization={IEEE}
}

@inproceedings{urban100,
  title={Single image super-resolution from transformed self-exemplars},
  author={Huang, Jia-Bin and Singh, Abhishek and Ahuja, Narendra},
  booktitle={Proceedings of the IEEE conference on computer vision and pattern recognition},
  pages={5197--5206},
  year={2015}
}

@article{manga109,
  title={Sketch-based manga retrieval using manga109 dataset},
  author={Matsui, Yusuke and Ito, Kota and Aramaki, Yuji and Fujimoto, Azuma and Ogawa, Toru and Yamasaki, Toshihiko and Aizawa, Kiyoharu},
  journal={Multimedia Tools and Applications},
  volume={76},
  pages={21811--21838},
  year={2017},
  publisher={Springer}
}

@inproceedings{div2k,
  title={Ntire 2017 challenge on single image super-resolution: Dataset and study},
  author={Agustsson, Eirikur and Timofte, Radu},
  booktitle={Proceedings of the IEEE Conference on Computer Vision and Pattern Recognition Workshops},
  pages={126--135},
  year={2017}
}

@inproceedings{flickr2k,
  author = {Lim, Bee and Son, Sanghyun and Kim, Heewon and Nah, Seungjun and Lee, Kyoung Mu},
  title = {Enhanced Deep Residual Networks for Single Image Super-Resolution},
  booktitle = {The IEEE Conference on Computer Vision and Pattern Recognition (CVPR) Workshops},
  month = {July},
  year = {2017}
}

@inproceedings{cufed5,
  title={Image super-resolution by neural texture transfer},
  author={Zhang, Zhifei and Wang, Zhaowen and Lin, Zhe and Qi, Hairong},
  booktitle={Proceedings of the IEEE/CVF Conference on Computer Vision and Pattern Recognition},
  pages={7982--7991},
  year={2019}
}

@inproceedings{sun80,
  title={Super-resolution from internet-scale scene matching},
  author={Sun, Libin and Hays, James},
  booktitle={2012 IEEE International conference on computational photography (ICCP)},
  pages={1--12},
  year={2012},
  organization={IEEE}
}


