%% This BibTeX bibliography file was created using BibDesk.
%% https://bibdesk.sourceforge.io/

%% Created for deyu bo at 2020-06-01 21:30:59 +0800 


%% Saved with string encoding Unicode (UTF-8) 

@article{HINSurvey,
  author    = {Xiao Wang and
               Deyu Bo and
               Chuan Shi and
               Shaohua Fan and
               Yanfang Ye and
               Philip S. Yu},
  title     = {A Survey on Heterogeneous Graph Embedding: Methods, Techniques, Applications
               and Sources},
  journal   = {CoRR},
  volume    = {abs/2011.14867},
  year      = {2020}
}

@inproceedings{AM-GCN,
  author    = {Xiao Wang and
               Meiqi Zhu and
               Deyu Bo and
               Peng Cui and
               Chuan Shi and
               Jian Pei},
  title     = {{AM-GCN:} Adaptive Multi-channel Graph Convolutional Networks},
  booktitle = {{KDD}},
  pages     = {1243--1253},
  publisher = {{ACM}},
  year      = {2020}
}

@article{Non-Local,
  author    = {Meng Liu and
               Zhengyang Wang and
               Shuiwang Ji},
  title     = {Non-Local Graph Neural Networks},
  journal   = {CoRR},
  volume    = {abs/2005.14612},
  year      = {2020}
}

@inproceedings{actornet,
  author    = {Jie Tang and
               Jimeng Sun and
               Chi Wang and
               Zi Yang},
  title     = {Social influence analysis in large-scale networks},
  booktitle = {{KDD}},
  pages     = {807--816},
  publisher = {{ACM}},
  year      = {2009}
}

@article{wikinet,
  author    = {Benedek Rozemberczki and
               Carl Allen and
               Rik Sarkar},
  title     = {Multi-scale Attributed Node Embedding},
  journal   = {CoRR},
  volume    = {abs/1909.13021},
  year      = {2019}
}

@article{H2GNN,
  title={Beyond Homophily in Graph Neural Networks: Current Limitations and Effective Designs},
  author={Zhu, Jiong and Yan, Yujun and Zhao, Lingxiao and Heimann, Mark and Akoglu, Leman and Koutra, Danai},
  journal={Advances in Neural Information Processing Systems},
  volume={33},
  year={2020}
}

@article{survey1,
	Author = {Zhang, Ziwei and Cui, Peng and Zhu, Wenwu},
	Journal = {IEEE Transactions on Knowledge and Data Engineering},
	Publisher = {IEEE},
	Title = {Deep learning on graphs: A survey},
	Year = {2020}}

@article{survey2,
	Author = {Wu, Zonghan and Pan, Shirui and Chen, Fengwen and Long, Guodong and Zhang, Chengqi and Philip, S Yu},
	Journal = {IEEE Transactions on Neural Networks and Learning Systems},
	Publisher = {IEEE},
	Title = {A comprehensive survey on graph neural networks},
	Year = {2020}}

@inproceedings{GCN,
	Author = {Thomas N. Kipf and Max Welling},
	Booktitle = {ICLR},
	Publisher = {OpenReview.net},
	Title = {Semi-Supervised Classification with Graph Convolutional Networks},
	Year = {2017}}

@inproceedings{GAT,
	Author = {Petar Velickovic and Guillem Cucurull and Arantxa Casanova and Adriana Romero and Pietro Li{\`{o}} and Yoshua Bengio},
	Booktitle = {ICLR},
	Publisher = {OpenReview.net},
	Title = {Graph Attention Networks},
	Year = {2018}}

@inproceedings{ChebNet,
	Author = {Micha{\"{e}}l Defferrard and Xavier Bresson and Pierre Vandergheynst},
	Booktitle = {NeurIPS},
	Pages = {3837--3845},
	Title = {Convolutional Neural Networks on Graphs with Fast Localized Spectral Filtering},
	Year = {2016}}

@inproceedings{MoNet,
	Author = {Federico Monti and Davide Boscaini and Jonathan Masci and Emanuele Rodol{\`{a}} and Jan Svoboda and Michael M. Bronstein},
	Booktitle = {CVPR},
	Pages = {5425--5434},
	Publisher = {{IEEE} Computer Society},
	Title = {Geometric Deep Learning on Graphs and Manifolds Using Mixture Model CNNs},
	Year = {2017}}

@inproceedings{GatedGCN,
	Author = {Yujia Li and Daniel Tarlow and Marc Brockschmidt and Richard S. Zemel},
	Booktitle = {{ICLR}},
	Title = {Gated Graph Sequence Neural Networks},
	Year = {2016}}

@inproceedings{GraphSAGE,
	Author = {William L. Hamilton and Zhitao Ying and Jure Leskovec},
	Booktitle = {NeurIPS},
	Pages = {1024--1034},
	Title = {Inductive Representation Learning on Large Graphs},
	Year = {2017}}

@inproceedings{PPNP,
	Author = {Johannes Klicpera and Aleksandar Bojchevski and Stephan G{\"{u}}nnemann},
	Booktitle = {ICLR},
	Publisher = {OpenReview.net},
	Title = {Predict then Propagate: Graph Neural Networks meet Personalized PageRank},
	Year = {2019}}

@inproceedings{GIN,
	Author = {Keyulu Xu and Weihua Hu and Jure Leskovec and Stefanie Jegelka},
	Booktitle = {ICLR},
	Publisher = {OpenReview.net},
	Title = {How Powerful are Graph Neural Networks?},
	Year = {2019}}

@inproceedings{GeomGCN,
	Author = {Hongbin Pei and Bingzhe Wei and Kevin Chen{-}Chuan Chang and Yu Lei and Bo Yang},
	Booktitle = {ICLR},
	Publisher = {OpenReview.net},
	Title = {Geom-GCN: Geometric Graph Convolutional Networks},
	Year = {2020}}

@article{Bridging,
	Author = {Muhammet Balcilar and Guillaume Renton and Pierre H{\'{e}}roux and Benoit Ga{\"{u}}z{\`{e}}re and S{\'{e}}bastien Adam and Paul Honeine},
	Journal = {CoRR},
	Title = {Bridging the Gap Between Spectral and Spatial Domains in Graph Neural Networks},
	Volume = {abs/2003.11702},
	Year = {2020}}

@inproceedings{linkprediction,
	Author = {Muhan Zhang and Yixin Chen},
	Booktitle = {NeurIPS},
	Pages = {5171--5181},
	Title = {Link Prediction Based on Graph Neural Networks},
	Year = {2018}}

@inproceedings{graphclassification,
	Author = {Federico Errica and Marco Podda and Davide Bacciu and Alessio Micheli},
	Booktitle = {ICLR},
	Publisher = {OpenReview.net},
	Title = {A Fair Comparison of Graph Neural Networks for Graph Classification},
	Year = {2020}}

@inproceedings{HACUD,
	Author = {Binbin Hu and Zhiqiang Zhang and Chuan Shi and Jun Zhou and Xiaolong Li and Yuan Qi},
	Booktitle = {AAAI},
	Pages = {946--953},
	Publisher = {{AAAI} Press},
	Title = {Cash-Out User Detection Based on Attributed Heterogeneous Information Network with a Hierarchical Attention Mechanism},
	Year = {2019}}

@inproceedings{Player2vec,
	Author = {Yiming Zhang and Yujie Fan and Yanfang Ye and Liang Zhao and Chuan Shi},
	Booktitle = {CIKM},
	Pages = {549--558},
	Publisher = {{ACM}},
	Title = {Key Player Identification in Underground Forums over Attributed Heterogeneous Information Network Embedding Framework},
	Year = {2019}}

@inproceedings{NGCF,
	Author = {Xiang Wang and Xiangnan He and Meng Wang and Fuli Feng and Tat{-}Seng Chua},
	Booktitle = {{SIGIR}},
	Pages = {165--174},
	Publisher = {{ACM}},
	Title = {Neural Graph Collaborative Filtering},
	Year = {2019}}

@inproceedings{GraphRec,
	Author = {Wenqi Fan and Yao Ma and Qing Li and Yuan He and Yihong Eric Zhao and Jiliang Tang and Dawei Yin},
	Booktitle = {WWW},
	Pages = {417--426},
	Publisher = {{ACM}},
	Title = {Graph Neural Networks for Social Recommendation},
	Year = {2019}}

@inproceedings{rechomo,
	Author = {Allison J. B. Chaney and Brandon M. Stewart and Barbara E. Engelhardt},
	Booktitle = {RecSys},
	Pages = {224--232},
	Publisher = {{ACM}},
	Title = {How algorithmic confounding in recommendation systems increases homogeneity and decreases utility},
	Year = {2018}}

@article{SBM,
	Author = {Holland, Paul W and Laskey, Kathryn Blackmond and Leinhardt, Samuel},
	Journal = {Social networks},
	Number = {2},
	Pages = {109--137},
	Publisher = {Elsevier},
	Title = {Stochastic blockmodels: First steps},
	Volume = {5},
	Year = {1983}}

@inproceedings{GWNN,
	Author = {Bingbing Xu and Huawei Shen and Qi Cao and Yunqi Qiu and Xueqi Cheng},
	Booktitle = {ICLR},
	Publisher = {OpenReview.net},
	Title = {Graph Wavelet Neural Network},
	Year = {2019}}

@inproceedings{SRL,
	Author = {Diego Marcheggiani and Ivan Titov},
	Booktitle = {EMNLP},
	Pages = {1506--1515},
	Publisher = {Association for Computational Linguistics},
	Title = {Encoding Sentences with Graph Convolutional Networks for Semantic Role Labeling},
	Year = {2017}}

@article{GSP,
	Author = {Shuman, David I and Narang, Sunil K and Frossard, Pascal and Ortega, Antonio and Vandergheynst, Pierre},
	Journal = {IEEE signal processing magazine},
	Number = {3},
	Pages = {83--98},
	Publisher = {IEEE},
	Title = {The emerging field of signal processing on graphs: Extending high-dimensional data analysis to networks and other irregular domains},
	Volume = {30},
	Year = {2013}}

@inproceedings{SGC,
	Author = {Felix Wu and Amauri H. Souza Jr. and Tianyi Zhang and Christopher Fifty and Tao Yu and Kilian Q. Weinberger},
	Booktitle = {{ICML}},
	Pages = {6861--6871},
	Publisher = {{PMLR}},
	Series = {Proceedings of Machine Learning Research},
	Title = {Simplifying Graph Convolutional Networks},
	Volume = {97},
	Year = {2019}}

@inproceedings{GraphHeat,
	Author = {Bingbing Xu and Huawei Shen and Qi Cao and Keting Cen and Xueqi Cheng},
	Booktitle = {{IJCAI}},
	Pages = {1928--1934},
	Publisher = {ijcai.org},
	Title = {Graph Convolutional Networks using Heat Kernel for Semi-supervised Learning},
	Year = {2019}}

@inproceedings{Transformer,
	Author = {Ashish Vaswani and Noam Shazeer and Niki Parmar and Jakob Uszkoreit and Llion Jones and Aidan N. Gomez and Lukasz Kaiser and Illia Polosukhin},
	Booktitle = {{NeurIPS}},
	Pages = {5998--6008},
	Title = {Attention is All you Need},
	Year = {2017}}

@article{Benchmarking,
	Author = {Vijay Prakash Dwivedi and Chaitanya K. Joshi and Thomas Laurent and Yoshua Bengio and Xavier Bresson},
	Journal = {CoRR},
	Title = {Benchmarking Graph Neural Networks},
	Volume = {abs/2003.00982},
	Year = {2020}}

@inproceedings{ClusterGCN,
	Author = {Wei{-}Lin Chiang and Xuanqing Liu and Si Si and Yang Li and Samy Bengio and Cho{-}Jui Hsieh},
	Booktitle = {{KDD}},
	Pages = {257--266},
	Publisher = {{ACM}},
	Title = {Cluster-GCN: An Efficient Algorithm for Training Deep and Large Graph Convolutional Networks},
	Year = {2019}}

@inproceedings{deeper,
	Author = {Qimai Li and Zhichao Han and Xiao{-}Ming Wu},
	Booktitle = {{AAAI}},
	Pages = {3538--3545},
	Publisher = {{AAAI} Press},
	Title = {Deeper Insights Into Graph Convolutional Networks for Semi-Supervised Learning},
	Year = {2018}}

@inproceedings{SpectralCNN,
	Author = {Joan Bruna and Wojciech Zaremba and Arthur Szlam and Yann LeCun},
	Booktitle = {{ICLR}},
	Title = {Spectral Networks and Locally Connected Networks on Graphs},
	Year = {2014}}

@article{NE,
	Author = {Peng Cui and Xiao Wang and Jian Pei and Wenwu Zhu},
	Journal = {{IEEE} Trans. Knowl. Data Eng.},
	Number = {5},
	Pages = {833--852},
	Title = {A Survey on Network Embedding},
	Volume = {31},
	Year = {2019}}

@inproceedings{Pytorch,
	Author = {Adam Paszke and Sam Gross and Francisco Massa and Adam Lerer and James Bradbury and Gregory Chanan and Trevor Killeen and Zeming Lin and Natalia Gimelshein and Luca Antiga and Alban Desmaison and Andreas K{\"{o}}pf and Edward Yang and Zachary DeVito and Martin Raison and Alykhan Tejani and Sasank Chilamkurthy and Benoit Steiner and Lu Fang and Junjie Bai and Soumith Chintala},
	Booktitle = {NeurIPS},
	Pages = {8024--8035},
	Title = {PyTorch: An Imperative Style, High-Performance Deep Learning Library},
	Year = {2019}}

@inproceedings{Adam,
	Author = {Diederik P. Kingma and Jimmy Ba},
	Booktitle = {{ICLR}},
	Title = {Adam: {A} Method for Stochastic Optimization},
	Year = {2015}}

@inproceedings{ELU,
	Author = {Djork{-}Arn{\'{e}} Clevert and Thomas Unterthiner and Sepp Hochreiter},
	Booktitle = {{ICLR}},
	Title = {Fast and Accurate Deep Network Learning by Exponential Linear Units (ELUs)},
	Year = {2016}}

@inproceedings{ReLU,
	Author = {Xavier Glorot and Antoine Bordes and Yoshua Bengio},
	Booktitle = {{AISTATS}},
	Pages = {315--323},
	Publisher = {JMLR.org},
	Series = {{JMLR} Proceedings},
	Title = {Deep Sparse Rectifier Neural Networks},
	Volume = {15},
	Year = {2011}}

@article{lee2019homophily,
	Author = {Lee, Eun and Karimi, Fariba and Wagner, Claudia and Jo, Hang-Hyun and Strohmaier, Markus and Galesic, Mirta},
	Journal = {Nature human behaviour},
	Number = {10},
	Pages = {1078--1087},
	Publisher = {Nature Publishing Group},
	Title = {Homophily and minority-group size explain perception biases in social networks},
	Volume = {3},
	Year = {2019}}

@article{ramazi2018homophily,
	Author = {Ramazi, Pouria and Riehl, James and Cao, Ming},
	Journal = {Royal Society open science},
	Number = {4},
	Pages = {180027},
	Publisher = {The Royal Society Publishing},
	Title = {Homophily, heterophily and the diversity of messages among decision-making individuals},
	Volume = {5},
	Year = {2018}}

@inproceedings{recdiversity,
	Author = {Ana{-}Andreea Stoica and Christopher J. Riederer and Augustin Chaintreau},
	Booktitle = {{WWW}},
	Pages = {923--932},
	Publisher = {{ACM}},
	Title = {Algorithmic Glass Ceiling in Social Networks: The effects of social recommendations on network diversity},
	Year = {2018}}

@article{karimi2018homophily,
	Author = {Karimi, Fariba and G{\'e}nois, Mathieu and Wagner, Claudia and Singer, Philipp and Strohmaier, Markus},
	Journal = {Scientific reports},
	Number = {1},
	Pages = {1--12},
	Publisher = {Nature Publishing Group},
	Title = {Homophily influences ranking of minorities in social networks},
	Volume = {8},
	Year = {2018}}

@inproceedings{fairwalk,
	Author = {Tahleen A. Rahman and Bartlomiej Surma and Michael Backes and Yang Zhang},
	Booktitle = {{IJCAI}},
	Pages = {3289--3295},
	Publisher = {ijcai.org},
	Title = {Fairwalk: Towards Fair Graph Embedding},
	Year = {2019}}

@article{hofstra2017sources,
	Author = {Hofstra, Bas and Corten, Rense and Van Tubergen, Frank and Ellison, Nicole B},
	Journal = {American Sociological Review},
	Number = {3},
	Pages = {625--656},
	Publisher = {SAGE Publications Sage CA: Los Angeles, CA},
	Title = {Sources of segregation in social networks: A novel approach using Facebook},
	Volume = {82},
	Year = {2017}}

@inproceedings{Compositional,
	Author = {Avishek Joey Bose and William L. Hamilton},
	Booktitle = {{ICML}},
	Pages = {715--724},
	Publisher = {{PMLR}},
	Series = {Proceedings of Machine Learning Research},
	Title = {Compositional Fairness Constraints for Graph Embeddings},
	Volume = {97},
	Year = {2019}}

@article{revisiting,
	Author = {Hoang NT and Takanori Maehara},
	Journal = {CoRR},
	Title = {Revisiting Graph Neural Networks: All We Have is Low-Pass Filters},
	Volume = {abs/1905.09550},
	Year = {2019}}

@inproceedings{ProNE,
	Author = {Jie Zhang and Yuxiao Dong and Yan Wang and Jie Tang and Ming Ding},
	Booktitle = {{IJCAI}},
	Pages = {4278--4284},
	Publisher = {ijcai.org},
	Title = {ProNE: Fast and Scalable Network Representation Learning},
	Year = {2019}}

@inproceedings{MPNN,
	Author = {Justin Gilmer and Samuel S. Schoenholz and Patrick F. Riley and Oriol Vinyals and George E. Dahl},
	Booktitle = {{ICML}},
	Pages = {1263--1272},
	Publisher = {{PMLR}},
	Series = {Proceedings of Machine Learning Research},
	Title = {Neural Message Passing for Quantum Chemistry},
	Volume = {70},
	Year = {2017}}

@inproceedings{lossexp,
	Author = {Kenta Oono and Taiji Suzuki},
	Booktitle = {{ICLR}},
	Publisher = {OpenReview.net},
	Title = {Graph Neural Networks Exponentially Lose Expressive Power for Node Classification},
	Year = {2020}}

@inproceedings{octave,
	Author = {Yunpeng Chen and Haoqi Fan and Bing Xu and Zhicheng Yan and Yannis Kalantidis and Marcus Rohrbach and Shuicheng Yan and Jiashi Feng},
	Booktitle = {{ICCV}},
	Pages = {3434--3443},
	Publisher = {{IEEE}},
	Title = {Drop an Octave: Reducing Spatial Redundancy in Convolutional Neural Networks With Octave Convolution},
	Year = {2019}}

@book{spectralgraph,
	Author = {Chung, Fan RK and Graham, Fan Chung},
	Number = {92},
	Publisher = {American Mathematical Soc.},
	Title = {Spectral graph theory},
	Year = {1997}}

@article{mixing,
	Author = {Newman, Mark EJ},
	Journal = {Physical Review E},
	Number = {2},
	Pages = {026126},
	Publisher = {APS},
	Title = {Mixing patterns in networks},
	Volume = {67},
	Year = {2003}}

@inproceedings{cvhigh,
  author    = {Chuangrong Chen and
               Xiaozhi Chen and
               Hui Cheng},
  title     = {On the Over-Smoothing Problem of {CNN} Based Disparity Estimation},
  booktitle = {{ICCV}},
  pages     = {8996--9004},
  publisher = {{IEEE}},
  year      = {2019}
}

@inproceedings{label2019li,
  author    = {Qimai Li and
               Xiao{-}Ming Wu and
               Han Liu and
               Xiaotong Zhang and
               Zhichao Guan},
  title     = {Label Efficient Semi-Supervised Learning via Graph Filtering},
  booktitle = {{CVPR}},
  pages     = {9582--9591},
  publisher = {Computer Vision Foundation / {IEEE}},
  year      = {2019}
}

@inproceedings{high2020wang,
  author    = {Haohan Wang and
               Xindi Wu and
               Zeyi Huang and
               Eric P. Xing},
  title     = {High-Frequency Component Helps Explain the Generalization of Convolutional
               Neural Networks},
  booktitle = {{CVPR}},
  pages     = {8681--8691},
  publisher = {{IEEE}},
  year      = {2020}
}

@inproceedings{cui2020adaptive,
  author    = {Ganqu Cui and
               Jie Zhou and
               Cheng Yang and
               Zhiyuan Liu},
  title     = {Adaptive Graph Encoder for Attributed Graph Embedding},
  booktitle = {{KDD}},
  pages     = {976--985},
  publisher = {{ACM}},
  year      = {2020}
}