@inproceedings{
mei2022falcon,
title={{FALCON}: Fast Visual Concept Learning by Integrating Images, Linguistic descriptions, and Conceptual Relations},
author={Lingjie Mei and Jiayuan Mao and Ziqi Wang and Chuang Gan and Joshua B. Tenenbaum},
booktitle={International Conference on Learning Representations},
year={2022},
url={https://openreview.net/forum?id=htWIlvDcY8}
}

@inproceedings{
mao2018the,
title={The Neuro-Symbolic Concept Learner: Interpreting Scenes, Words, and Sentences From Natural Supervision},
author={Jiayuan Mao and Chuang Gan and Pushmeet Kohli and Joshua B. Tenenbaum and Jiajun Wu},
booktitle={International Conference on Learning Representations},
year={2019},
url={https://openreview.net/forum?id=rJgMlhRctm},
}

@misc{han2020visual,
      title={Visual Concept-Metaconcept Learning}, 
      author={Chi Han and Jiayuan Mao and Chuang Gan and Joshua B. Tenenbaum and Jiajun Wu},
      year={2020},
      eprint={2002.01464},
      archivePrefix={arXiv},
      primaryClass={cs.CV}
}

@misc{yi2019neuralsymbolic,
      title={Neural-Symbolic VQA: Disentangling Reasoning from Vision and Language Understanding}, 
      author={Kexin Yi and Jiajun Wu and Chuang Gan and Antonio Torralba and Pushmeet Kohli and Joshua B. Tenenbaum},
      year={2019},
      eprint={1810.02338},
      archivePrefix={arXiv},
      primaryClass={cs.AI}
}

@misc{li2020competenceaware,
      title={A Competence-aware Curriculum for Visual Concepts Learning via Question Answering}, 
      author={Qing Li and Siyuan Huang and Yining Hong and Song-Chun Zhu},
      year={2020},
      eprint={2007.01499},
      archivePrefix={arXiv},
      primaryClass={cs.CV}
}

@inproceedings{Mascharka_2018,
	doi = {10.1109/cvpr.2018.00519},
  
	url = {https://doi.org/10.1109\%2Fcvpr.2018.00519},
  
	year = 2018,
	month = {jun},
  
	publisher = {{IEEE}},

	author = {David Mascharka and Philip Tran and Ryan Soklaski and Arjun Majumdar},
  
	title = {Transparency by Design: Closing the Gap Between Performance and Interpretability in Visual Reasoning},
  
	booktitle = {2018 {IEEE}/{CVF} Conference on Computer Vision and Pattern Recognition}
}

@article{DBLP:journals/corr/abs-1807-08556,
  author    = {Ronghang Hu and
               Jacob Andreas and
               Trevor Darrell and
               Kate Saenko},
  title     = {Explainable Neural Computation via Stack Neural Module Networks},
  journal   = {CoRR},
  volume    = {abs/1807.08556},
  year      = {2018},
  url       = {http://arxiv.org/abs/1807.08556},
  eprinttype = {arXiv},
  eprint    = {1807.08556},
  timestamp = {Mon, 13 Aug 2018 16:48:16 +0200},
  biburl    = {https://dblp.org/rec/journals/corr/abs-1807-08556.bib},
  bibsource = {dblp computer science bibliography, https://dblp.org}
}

@article{DBLP:journals/corr/JohnsonHMHLZG17,
  author    = {Justin Johnson and
               Bharath Hariharan and
               Laurens van der Maaten and
               Judy Hoffman and
               Li Fei{-}Fei and
               C. Lawrence Zitnick and
               Ross B. Girshick},
  title     = {Inferring and Executing Programs for Visual Reasoning},
  journal   = {CoRR},
  volume    = {abs/1705.03633},
  year      = {2017},
  url       = {http://arxiv.org/abs/1705.03633},
  eprinttype = {arXiv},
  eprint    = {1705.03633},
  timestamp = {Wed, 15 Sep 2021 14:13:01 +0200},
  biburl    = {https://dblp.org/rec/journals/corr/JohnsonHMHLZG17.bib},
  bibsource = {dblp computer science bibliography, https://dblp.org}
}

@article{DBLP:journals/corr/abs-1803-03067,
  author    = {Drew A. Hudson and
               Christopher D. Manning},
  title     = {Compositional Attention Networks for Machine Reasoning},
  journal   = {CoRR},
  volume    = {abs/1803.03067},
  year      = {2018},
  url       = {http://arxiv.org/abs/1803.03067},
  eprinttype = {arXiv},
  eprint    = {1803.03067},
  timestamp = {Mon, 13 Aug 2018 16:46:02 +0200},
  biburl    = {https://dblp.org/rec/journals/corr/abs-1803-03067.bib},
  bibsource = {dblp computer science bibliography, https://dblp.org}
}

@misc{snell2017prototypical,
      title={Prototypical Networks for Few-shot Learning}, 
      author={Jake Snell and Kevin Swersky and Richard S. Zemel},
      year={2017},
      eprint={1703.05175},
      archivePrefix={arXiv},
      primaryClass={cs.LG}
}

@misc{vinyals2017matching,
      title={Matching Networks for One Shot Learning}, 
      author={Oriol Vinyals and Charles Blundell and Timothy Lillicrap and Koray Kavukcuoglu and Daan Wierstra},
      year={2017},
      eprint={1606.04080},
      archivePrefix={arXiv},
      primaryClass={cs.LG}
}

@misc{sung2018learning,
      title={Learning to Compare: Relation Network for Few-Shot Learning}, 
      author={Flood Sung and Yongxin Yang and Li Zhang and Tao Xiang and Philip H. S. Torr and Timothy M. Hospedales},
      year={2018},
      eprint={1711.06025},
      archivePrefix={arXiv},
      primaryClass={cs.CV}
}

@misc{wang2018zeroshot,
      title={Zero-shot Recognition via Semantic Embeddings and Knowledge Graphs}, 
      author={Xiaolong Wang and Yufei Ye and Abhinav Gupta},
      year={2018},
      eprint={1803.08035},
      archivePrefix={arXiv},
      primaryClass={cs.CV}
}

@misc{kampffmeyer2019rethinking,
      title={Rethinking Knowledge Graph Propagation for Zero-Shot Learning}, 
      author={Michael Kampffmeyer and Yinbo Chen and Xiaodan Liang and Hao Wang and Yujia Zhang and Eric P. Xing},
      year={2019},
      eprint={1805.11724},
      archivePrefix={arXiv},
      primaryClass={cs.CV}
}

@misc{tian2020rethinking,
      title={Rethinking Few-Shot Image Classification: a Good Embedding Is All You Need?}, 
      author={Yonglong Tian and Yue Wang and Dilip Krishnan and Joshua B. Tenenbaum and Phillip Isola},
      year={2020},
      eprint={2003.11539},
      archivePrefix={arXiv},
      primaryClass={cs.CV}
}

@misc{vilnis2018probabilistic,
      title={Probabilistic Embedding of Knowledge Graphs with Box Lattice Measures}, 
      author={Luke Vilnis and Xiang Li and Shikhar Murty and Andrew McCallum},
      year={2018},
      eprint={1805.06627},
      archivePrefix={arXiv},
      primaryClass={stat.ML}
}

@inproceedings{
li2018smoothing,
title={Smoothing the Geometry of Probabilistic Box Embeddings},
author={Xiang Li and Luke Vilnis and Dongxu Zhang and Michael Boratko and Andrew McCallum},
booktitle={International Conference on Learning Representations},
year={2019},
url={https://openreview.net/forum?id=H1xSNiRcF7},
}

@misc{daruna2021continual,
      title={Continual Learning of Knowledge Graph Embeddings}, 
      author={Angel Daruna and Mehul Gupta and Mohan Sridharan and Sonia Chernova},
      year={2021},
      eprint={2101.05850},
      archivePrefix={arXiv},
      primaryClass={cs.RO}
}

@misc{daruna2019robocse,
      title={RoboCSE: Robot Common Sense Embedding}, 
      author={Angel Daruna and Weiyu Liu and Zsolt Kira and Sonia Chernova},
      year={2019},
      eprint={1903.00412},
      archivePrefix={arXiv},
      primaryClass={cs.RO}
}

@article{DBLP:journals/corr/abs-1902-09506,
  author    = {Drew A. Hudson and
               Christopher D. Manning},
  title     = {{GQA:} a new dataset for compositional question answering over real-world
               images},
  journal   = {CoRR},
  volume    = {abs/1902.09506},
  year      = {2019},
  url       = {http://arxiv.org/abs/1902.09506},
  eprinttype = {arXiv},
  eprint    = {1902.09506},
  timestamp = {Tue, 21 May 2019 18:03:36 +0200},
  biburl    = {https://dblp.org/rec/journals/corr/abs-1902-09506.bib},
  bibsource = {dblp computer science bibliography, https://dblp.org}
}

@misc{johnson2016clevr,
      title={CLEVR: A Diagnostic Dataset for Compositional Language and Elementary Visual Reasoning}, 
      author={Justin Johnson and Bharath Hariharan and Laurens van der Maaten and Li Fei-Fei and C. Lawrence Zitnick and Ross Girshick},
      year={2016},
      eprint={1612.06890},
      archivePrefix={arXiv},
      primaryClass={cs.CV}
}

@techreport{WahCUB_200_2011,
	Title = {The Caltech-UCSD Birds-200-2011 Dataset},
	Author = {Wah, C. and Branson, S. and Welinder, P. and Perona, P. and Belongie, S.},
	Year = {2011},
	Institution = {California Institute of Technology},
	Number = {CNS-TR-2011-001}
}

@misc{kolve2022ai2thor,
      title={AI2-THOR: An Interactive 3D Environment for Visual AI}, 
      author={Eric Kolve and Roozbeh Mottaghi and Winson Han and Eli VanderBilt and Luca Weihs and Alvaro Herrasti and Matt Deitke and Kiana Ehsani and Daniel Gordon and Yuke Zhu and Aniruddha Kembhavi and Abhinav Gupta and Ali Farhadi},
      year={2022},
      eprint={1712.05474},
      archivePrefix={arXiv},
      primaryClass={cs.CV}
}

@misc{deitke2022procthor,
      title={ProcTHOR: Large-Scale Embodied AI Using Procedural Generation}, 
      author={Matt Deitke and Eli VanderBilt and Alvaro Herrasti and Luca Weihs and Jordi Salvador and Kiana Ehsani and Winson Han and Eric Kolve and Ali Farhadi and Aniruddha Kembhavi and Roozbeh Mottaghi},
      year={2022},
      eprint={2206.06994},
      archivePrefix={arXiv},
      primaryClass={cs.AI}
}

@misc{kirillov2023segment,
      title={Segment Anything}, 
      author={Alexander Kirillov and Eric Mintun and Nikhila Ravi and Hanzi Mao and Chloe Rolland and Laura Gustafson and Tete Xiao and Spencer Whitehead and Alexander C. Berg and Wan-Yen Lo and Piotr Doll√°r and Ross Girshick},
      year={2023},
      eprint={2304.02643},
      archivePrefix={arXiv},
      primaryClass={cs.CV}
}

@misc{he2015deep,
      title={Deep Residual Learning for Image Recognition}, 
      author={Kaiming He and Xiangyu Zhang and Shaoqing Ren and Jian Sun},
      year={2015},
      eprint={1512.03385},
      archivePrefix={arXiv},
      primaryClass={cs.CV}
}

@article{Chai2019TeachingRN,
  title={Teaching Robots New Tasks through Natural Interaction},
  author={Joyce Yue Chai and Maya Cakmak and Candace L. Sidner},
  journal={Interactive Task Learning},
  year={2019},
  url={https://api.semanticscholar.org/CorpusID:160030141}
}

@misc{liu2021structformer,
      title={StructFormer: Learning Spatial Structure for Language-Guided Semantic Rearrangement of Novel Objects}, 
      author={Weiyu Liu and Chris Paxton and Tucker Hermans and Dieter Fox},
      year={2021},
      eprint={2110.10189},
      archivePrefix={arXiv},
      primaryClass={cs.RO}
}

@misc{shridhar2021cliport,
      title={CLIPort: What and Where Pathways for Robotic Manipulation}, 
      author={Mohit Shridhar and Lucas Manuelli and Dieter Fox},
      year={2021},
      eprint={2109.12098},
      archivePrefix={arXiv},
      primaryClass={cs.RO}
}

@article{Bartneck2009MeasurementIF,
  title={Measurement Instruments for the Anthropomorphism, Animacy, Likeability, Perceived Intelligence, and Perceived Safety of Robots},
  author={Christoph Bartneck and Dana Kuli{\'c} and Elizabeth A. Croft and Susana Zoghbi},
  journal={International Journal of Social Robotics},
  year={2009},
  volume={1},
  pages={71-81},
  url={https://api.semanticscholar.org/CorpusID:17967380}
}

@article{Sullivan2009eBirdAC,
  title={eBird: A citizen-based bird observation network in the biological sciences},
  author={Brian L. Sullivan and Christopher Wood and Marshall J. Iliff and Rick Bonney and Daniel Fink and Steve Kelling},
  journal={Biological Conservation},
  year={2009},
  volume={142},
  pages={2282-2292},
  url={https://api.semanticscholar.org/CorpusID:85401998}
}

@misc{krishna2016visual,
      title={Visual Genome: Connecting Language and Vision Using Crowdsourced Dense Image Annotations}, 
      author={Ranjay Krishna and Yuke Zhu and Oliver Groth and Justin Johnson and Kenji Hata and Joshua Kravitz and Stephanie Chen and Yannis Kalantidis and Li-Jia Li and David A. Shamma and Michael S. Bernstein and Fei-Fei Li},
      year={2016},
      eprint={1602.07332},
      archivePrefix={arXiv},
      primaryClass={cs.CV}
}

@misc{shridhar2018interactive,
      title={Interactive Visual Grounding of Referring Expressions for Human-Robot Interaction}, 
      author={Mohit Shridhar and David Hsu},
      year={2018},
      eprint={1806.03831},
      archivePrefix={arXiv},
      primaryClass={cs.RO}
}

@misc{venkatesh2021spatial,
      title={Spatial Reasoning from Natural Language Instructions for Robot Manipulation}, 
      author={Sagar Gubbi Venkatesh and Anirban Biswas and Raviteja Upadrashta and Vikram Srinivasan and Partha Talukdar and Bharadwaj Amrutur},
      year={2021},
      eprint={2012.13693},
      archivePrefix={arXiv},
      primaryClass={cs.RO}
}

@INPROCEEDINGS{9340925,
  author={Kartmann, Rainer and Zhou, You and Liu, Danqing and Paus, Fabian and Asfour, Tamim},
  booktitle={2020 IEEE/RSJ International Conference on Intelligent Robots and Systems (IROS)}, 
  title={Representing Spatial Object Relations as Parametric Polar Distribution for Scene Manipulation Based on Verbal Commands}, 
  year={2020},
  volume={},
  number={},
  pages={8373-8380},
  doi={10.1109/IROS45743.2020.9340925}}

@misc{zhu2021hierarchical,
      title={Hierarchical Planning for Long-Horizon Manipulation with Geometric and Symbolic Scene Graphs}, 
      author={Yifeng Zhu and Jonathan Tremblay and Stan Birchfield and Yuke Zhu},
      year={2021},
      eprint={2012.07277},
      archivePrefix={arXiv},
      primaryClass={cs.RO}
}


@misc{brohan2023rt1,
      title={RT-1: Robotics Transformer for Real-World Control at Scale}, 
      author={Anthony Brohan and Noah Brown and Justice Carbajal and Yevgen Chebotar and Joseph Dabis and Chelsea Finn and Keerthana Gopalakrishnan and Karol Hausman and Alex Herzog and Jasmine Hsu and Julian Ibarz and Brian Ichter and Alex Irpan and Tomas Jackson and Sally Jesmonth and Nikhil J Joshi and Ryan Julian and Dmitry Kalashnikov and Yuheng Kuang and Isabel Leal and Kuang-Huei Lee and Sergey Levine and Yao Lu and Utsav Malla and Deeksha Manjunath and Igor Mordatch and Ofir Nachum and Carolina Parada and Jodilyn Peralta and Emily Perez and Karl Pertsch and Jornell Quiambao and Kanishka Rao and Michael Ryoo and Grecia Salazar and Pannag Sanketi and Kevin Sayed and Jaspiar Singh and Sumedh Sontakke and Austin Stone and Clayton Tan and Huong Tran and Vincent Vanhoucke and Steve Vega and Quan Vuong and Fei Xia and Ted Xiao and Peng Xu and Sichun Xu and Tianhe Yu and Brianna Zitkovich},
      year={2023},
      eprint={2212.06817},
      archivePrefix={arXiv},
      primaryClass={cs.RO}
}

@misc{brohan2023rt2,
      title={RT-2: Vision-Language-Action Models Transfer Web Knowledge to Robotic Control}, 
      author={Anthony Brohan and Noah Brown and Justice Carbajal and Yevgen Chebotar and Xi Chen and Krzysztof Choromanski and Tianli Ding and Danny Driess and Avinava Dubey and Chelsea Finn and Pete Florence and Chuyuan Fu and Montse Gonzalez Arenas and Keerthana Gopalakrishnan and Kehang Han and Karol Hausman and Alexander Herzog and Jasmine Hsu and Brian Ichter and Alex Irpan and Nikhil Joshi and Ryan Julian and Dmitry Kalashnikov and Yuheng Kuang and Isabel Leal and Lisa Lee and Tsang-Wei Edward Lee and Sergey Levine and Yao Lu and Henryk Michalewski and Igor Mordatch and Karl Pertsch and Kanishka Rao and Krista Reymann and Michael Ryoo and Grecia Salazar and Pannag Sanketi and Pierre Sermanet and Jaspiar Singh and Anikait Singh and Radu Soricut and Huong Tran and Vincent Vanhoucke and Quan Vuong and Ayzaan Wahid and Stefan Welker and Paul Wohlhart and Jialin Wu and Fei Xia and Ted Xiao and Peng Xu and Sichun Xu and Tianhe Yu and Brianna Zitkovich},
      year={2023},
      eprint={2307.15818},
      archivePrefix={arXiv},
      primaryClass={cs.RO}
}

@INPROCEEDINGS{7298990,
  author={Johnson, Justin and Krishna, Ranjay and Stark, Michael and Li, Li-Jia and Shamma, David A. and Bernstein, Michael S. and Fei-Fei, Li},
  booktitle={2015 IEEE Conference on Computer Vision and Pattern Recognition (CVPR)}, 
  title={Image retrieval using scene graphs}, 
  year={2015},
  volume={},
  number={},
  pages={3668-3678},
  doi={10.1109/CVPR.2015.7298990}}

@inproceedings{wu2023scene,
  title={Scene Graph to Image Synthesis via Knowledge Consensus},
  author={Wu, Yang and Wei, Pengxu and Lin, Liang},
  booktitle={Proceedings of the AAAI Conference on Artificial Intelligence},
  volume={37},
  number={3},
  pages={2856--2865},
  year={2023}
}
@inproceedings{johnson2018image,
  title={Image generation from scene graphs},
  author={Johnson, Justin and Gupta, Agrim and Fei-Fei, Li},
  booktitle={Proceedings of the IEEE conference on computer vision and pattern recognition},
  pages={1219--1228},
  year={2018}
}

@article{li2019pastegan,
  title={Pastegan: A semi-parametric method to generate image from scene graph},
  author={Li, Yikang and Ma, Tao and Bai, Yeqi and Duan, Nan and Wei, Sining and Wang, Xiaogang},
  journal={Advances in Neural Information Processing Systems},
  volume={32},
  year={2019}
}

@inproceedings{herzig2020learning,
  title={Learning canonical representations for scene graph to image generation},
  author={Herzig, Roei and Bar, Amir and Xu, Huijuan and Chechik, Gal and Darrell, Trevor and Globerson, Amir},
  booktitle={Computer Vision--ECCV 2020: 16th European Conference, Glasgow, UK, August 23--28, 2020, Proceedings, Part XXVI 16},
  pages={210--227},
  year={2020},
  organization={Springer}
}

@inproceedings{schroeder2020structured,
  title={Structured query-based image retrieval using scene graphs},
  author={Schroeder, Brigit and Tripathi, Subarna},
  booktitle={Proceedings of the IEEE/CVF Conference on Computer Vision and Pattern Recognition Workshops},
  pages={178--179},
  year={2020}
}

@inproceedings{schuster2015generating,
  title={Generating semantically precise scene graphs from textual descriptions for improved image retrieval},
  author={Schuster, Sebastian and Krishna, Ranjay and Chang, Angel and Fei-Fei, Li and Manning, Christopher D},
  booktitle={Proceedings of the fourth workshop on vision and language},
  pages={70--80},
  year={2015}
}
@article{hildebrandt2020scene,
  title={Scene graph reasoning for visual question answering},
  author={Hildebrandt, Marcel and Li, Hang and Koner, Rajat and Tresp, Volker and G{\"u}nnemann, Stephan},
  journal={arXiv preprint arXiv:2007.01072},
  year={2020}
}

@inproceedings{lee2019visual,
  title={Visual question answering over scene graph},
  author={Lee, Soohyeong and Kim, Ju-Whan and Oh, Youngmin and Jeon, Joo Hyuk},
  booktitle={2019 First International Conference on Graph Computing (GC)},
  pages={45--50},
  year={2019},
  organization={IEEE}
}

@article{mittal2019interactive,
  title={Interactive image generation using scene graphs},
  author={Mittal, Gaurav and Agrawal, Shubham and Agarwal, Anuva and Mehta, Sushant and Marwah, Tanya},
  journal={arXiv preprint arXiv:1905.03743},
  year={2019}
}

@article{ghosh2019generating,
  title={Generating natural language explanations for visual question answering using scene graphs and visual attention},
  author={Ghosh, Shalini and Burachas, Giedrius and Ray, Arijit and Ziskind, Avi},
  journal={arXiv preprint arXiv:1902.05715},
  year={2019}
}

@misc{teney2017graphstructured,
      title={Graph-Structured Representations for Visual Question Answering}, 
      author={Damien Teney and Lingqiao Liu and Anton van den Hengel},
      year={2017},
      eprint={1609.05600},
      archivePrefix={arXiv},
      primaryClass={cs.CV}
}

@misc{ahn2022i,
      title={Do As I Can, Not As I Say: Grounding Language in Robotic Affordances}, 
      author={Michael Ahn and Anthony Brohan and Noah Brown and Yevgen Chebotar and Omar Cortes and Byron David and Chelsea Finn and Chuyuan Fu and Keerthana Gopalakrishnan and Karol Hausman and Alex Herzog and Daniel Ho and Jasmine Hsu and Julian Ibarz and Brian Ichter and Alex Irpan and Eric Jang and Rosario Jauregui Ruano and Kyle Jeffrey and Sally Jesmonth and Nikhil J Joshi and Ryan Julian and Dmitry Kalashnikov and Yuheng Kuang and Kuang-Huei Lee and Sergey Levine and Yao Lu and Linda Luu and Carolina Parada and Peter Pastor and Jornell Quiambao and Kanishka Rao and Jarek Rettinghouse and Diego Reyes and Pierre Sermanet and Nicolas Sievers and Clayton Tan and Alexander Toshev and Vincent Vanhoucke and Fei Xia and Ted Xiao and Peng Xu and Sichun Xu and Mengyuan Yan and Andy Zeng},
      year={2022},
      eprint={2204.01691},
      archivePrefix={arXiv},
      primaryClass={cs.RO}
}

@article{Chang_2023,
	doi = {10.1109/tpami.2021.3137605},
  
	url = {https://doi.org/10.1109%2Ftpami.2021.3137605},
  
	year = 2023,
	month = {jan},
  
	publisher = {Institute of Electrical and Electronics Engineers ({IEEE})},
  
	volume = {45},
  
	number = {1},
  
	pages = {1--26},
  
	author = {Xiaojun Chang and Pengzhen Ren and Pengfei Xu and Zhihui Li and Xiaojiang Chen and Alex Hauptmann},
  
	title = {A Comprehensive Survey of Scene Graphs: Generation and Application},
  
	journal = {{IEEE} Transactions on Pattern Analysis and Machine Intelligence}
}


@inproceedings{matuszek2012joint,
  title={A joint model of language and perception for grounded attribute learning},
  author={Matuszek, Cynthia and FitzGerald, Nicholas and Zettlemoyer, Luke and Bo, Liefeng and Fox, Dieter},
  booktitle={Proceedings of the 29th International Coference on International Conference on Machine Learning},
  pages={1435--1442},
  year={2012}
}

@inproceedings{chai2018language,
  title={Language to Action: Towards Interactive Task Learning with Physical Agents.},
  author={Chai, Joyce Y and Gao, Qiaozi and She, Lanbo and Yang, Shaohua and Saba-Sadiya, Sari and Xu, Guangyue},
  booktitle={IJCAI},
  pages={2--9},
  year={2018}
}

@inproceedings{zeng2021transporter,
  title={Transporter networks: Rearranging the visual world for robotic manipulation},
  author={Zeng, Andy and Florence, Pete and Tompson, Jonathan and Welker, Stefan and Chien, Jonathan and Attarian, Maria and Armstrong, Travis and Krasin, Ivan and Duong, Dan and Sindhwani, Vikas and others},
  booktitle={Conference on Robot Learning},
  pages={726--747},
  year={2021},
  organization={PMLR}
}

@article{article,
author = {Brooke, John},
year = {1995},
month = {11},
pages = {},
title = {SUS: A quick and dirty usability scale},
volume = {189},
journal = {Usability Eval. Ind.}
}


@article{trust_survey,
author = { Jiun-Yin   Jian  and  Ann M.   Bisantz  and  Colin G.   Drury },
title = {Foundations for an Empirically Determined Scale of Trust in Automated Systems},
journal = {International Journal of Cognitive Ergonomics},
volume = {4},
number = {1},
pages = {53-71},
year  = {2000},
publisher = {Routledge}
}




@inproceedings{gopalan2020simultaneously,
  label= {R:SS'20a},
  title={Simultaneously learning transferable symbols and language groundings from perceptual data for instruction following},
  author={Gopalan, Nakul and Rosen, Eric and Konidaris, George and Tellex, Stefanie},
  booktitle={Proceedings of Robotics: Science and System},
  year={2020}
}


@inproceedings{gopalan2018sequence,
  label= {R:SS'18},
  title={Sequence-to-Sequence Language Grounding of Non-Markovian Task Specifications.},
  author={Gopalan, Nakul and Arumugam, Dilip and Wong, Lawson LS and Tellex, Stefanie},
  booktitle={Proceedings of Robotics: Science and System},
  year={2018}
}

@inproceedings{gopalan2015modeling,
  label= {R:SS-WS'15},
  title={Modeling and solving human-robot collaborative tasks using pomdps},
  author={Gopalan, Nakul and Tellex, Stefanie},
  booktitle={Proceedings of Workshop on Model Learning for Human-Robot Communication at Robotics: Science and System.},
  year={2015}
}

@article{tellex2020robots,
  title={Robots that use language},
  author={Tellex, Stefanie and Gopalan, Nakul and Kress-Gazit, Hadas and Matuszek, Cynthia},
  journal={Annual Review of Control, Robotics, and Autonomous Systems},
  volume={3},
  pages={25--55},
  year={2020},
  publisher={Annual Reviews}
}