
@article{Bernstein02,
   title = {The complexity of decentralized control of {M}arkov decision processes},
   author = {Daniel S. Bernstein and Robert Givan and Neil Immerman and Shlomo Zilberstein},
   journal = {Mathematics of Operations Research},
   volume = {27},
   pages = {819-840},
   year = {2002}
}

@article{Seuken08,
  author = {Sven Seuken and Shlomo Zilberstein},
  title	= {Formal Models and Algorithms for Decentralized Decision Making under Uncertainty},
  journal = {Autonomous Agents and Multi-Agent Systems},
  volume = {17},
  number = {2},
  year = {2008},
  pages = {190-250}
}

@inproceedings{Oliehoek08,
  author = {Oliehoek, Frans A. and Spaan, Matthijs T. J. and Whiteson, Shimon and Vlassis, Nikos},
  title = {Exploiting locality of interaction in factored {DEC-POMDPs}},
  booktitle = {Proceedings of the Seventh International Joint Conference on Autonomous Agents and Multiagent Systems},
  year = {2008},
  pages = {517--524},
  location = {Estoril, Portugal}
}

@article{Oliehoek,
  author    = {Frans A. Oliehoek and
               Matthijs T. J. Spaan and
               Nikos A. Vlassis},
  title     = {Optimal and Approximate {Q-value} Functions for Decentralized {POMDP}s},
  journal   = {Journal of Artificial Intelligence Research},
  volume    = {32},
  year      = {2008},
  pages     = {289--353}
}


@inproceedings{Lewis78,
   author = {Lewis, Harry R.},
   title = {Complexity of solvable cases of the decision problem for the predicate calculus},
   booktitle = {Proceedings of the Nineteenth Annual Symposium on Foundations of Computer Science},
   year = {1978},
   pages = {35--47}
}

@book{Papadimitriou94,
   author = {Papadimitriou, Christos H.},
   title = {Computational Complexity},
   publisher = {Addison-Wesley},
   address = {Reading, MA},
   year = {1994}
 }

 @inproceedings{Amato,
   author    = {Christopher Amato and
               Jilles Steeve Dibangoye and
               Shlomo Zilberstein},
   title     = {Incremental Policy Generation for Finite-Horizon {DEC-POMDP}s},
   booktitle = {Proceedings of the International Conference on Automated Planning and Scheduling},
   pages		= {2--9},
   year      = {2009}
}

@article{Helmert,
  author    = {Malte Helmert},
  title     = {The Fast Downward Planning System},
  journal   = {Journal of Artificial Intelligence Research},
  volume    = {26},
  year      = {2006},
  pages     = {191--246}
}
@inproceedings{Yoon,
  author    = {Sung Wook Yoon and
               Alan Fern and
               Robert Givan and
               Subbarao Kambhampati},
  title     = {Probabilistic Planning via Determinization in Hindsight},
  booktitle = {Proceedings of the Twenty-Third Conference on Artificial Intelligence},
  year      = {2008},
  pages     = {1010--1016}
}

@inproceedings{MPSR,
  author = {Ronen I. Brafman and Guy Shani},
  title = {A Multi-Path Compilation Approach to Contingent Planning},
  booktitle = {Proceedings of the Twenty-Sixth Conference on Artificial Intelligence},
    pages     = {1868--1874},
  year = {2012}
}

@inproceedings{SZuai07,
  author = {Sven Seuken and Shlomo Zilberstein},
  title = {Improved Memory-Bounded Dynamic Programming for Decentralized {POMDP}s},
  booktitle = {Proceedings of the Twenty-Third Conference on Uncertainty in Artificial Intelligence},
  year = {2007},
  pages = {344--351},
  address = {Vancouver, British Columbia},
  url = {http://rbr.cs.umass.edu/shlomo/papers/SZuai07.html}
}

@MISC{MADP,
author = {Frans Oliehoek},
title = {{The Multiagent Decision Process Toolbox}},
year = 2012,
howpublished = {\url{staff.science.uva.nl/~faolieho/madp}}
}

@article{WZCaij11,
  author = {Feng Wu and Shlomo Zilberstein and Xiaoping Chen},
  title = {Online Planning for Multi-Agent Systems with Bounded Communication},
  journal = {Artificial Intelligence},
  volume = {175},
  number = {2},
  year = {2011},
  pages = {487--511},
  url = {http://rbr.cs.umass.edu/shlomo/papers/WZCaij11.html}
}

@inproceedings{KZTijcai11,
  author	= {Akshat Kumar and Shlomo Zilberstein and Marc Toussaint},
  title		= {Scalable Multiagent Planning Using Probabilistic Inference},
  booktitle     = {Proceedings of the Twenty-Second International Joint Conference on Artificial Intelligence},
  year		= {2011},
  pages		= {2140-2146},
  address       = {Barcelona, Spain},
  url		= {http://rbr.cs.umass.edu/shlomo/papers/KZTijcai11.html}
}





