@article{rosenbrock1960automatic,
  title={An automatic method for finding the greatest or least value of a function},
  author={Rosenbrock, HoHo},
  journal={The Computer Journal},
  volume={3},
  number={3},
  pages={175--184},
  year={1960},
  publisher={Oxford University Press}
}

@article{sun2020continuous,
  title={A Continuous-Time Nesterov Accelerated Gradient Method for Centralized and Distributed Online Convex Optimization},
  author={Sun, Chao and Hu, Guoqiang},
  journal={arXiv preprint arXiv:2009.12545},
  year={2020}
}

@article{lecun1998gradient,
  title={Gradient-based learning applied to document recognition},
  author={LeCun, Yann and Bottou, L{\'e}on and Bengio, Yoshua and Haffner, Patrick},
  journal={Proceedings of the IEEE},
  volume={86},
  number={11},
  pages={2278--2324},
  year={1998},
  publisher={Ieee}
}


@article{krizhevsky2009learning,
  title={Learning multiple layers of features from tiny images},
  author={Krizhevsky, A. and Hinton, G.},
  journal={Master's thesis, Department of Computer Science, University of Toronto},
  year={2009},
  publisher={Citeseer}
}


@article{polyak1964some,
  title={Some methods of speeding up the convergence of iteration methods},
  author={Polyak, Boris T},
  journal={Ussr computational mathematics and mathematical physics},
  volume={4},
  number={5},
  pages={1--17},
  year={1964},
  publisher={Elsevier}
}

@inproceedings{sutskever2013importance,
  title={On the importance of initialization and momentum in deep learning},
  author={Sutskever, Ilya and Martens, James and Dahl, George and Hinton, Geoffrey},
  booktitle={International conference on machine learning},
  pages={1139--1147},
  year={2013},
  organization={PMLR}
}

@inproceedings{KingmaB14Adam,
  title={Adam: A Method for Stochastic Optimization},
  author={Diederik P. Kingma and Jimmy Ba},
  year={2015},
  cdate={1420070400000},
  url={http://arxiv.org/abs/1412.6980},
  booktitle={ICLR (Poster)}
}


@ARTICLE{kunal2021,  
author={Garg, Kunal and Panagou, Dimitra},  journal={IEEE Transactions on Automatic Control},
title={Fixed-Time Stable Gradient Flows: Applications to Continuous-Time Optimization},   
year={2021},  
volume={66},  
number={5},  
pages={2002-2015},  doi={10.1109/TAC.2020.3001436}}


@book{sra2012optimization,
  title={Optimization for machine learning},
  author={Sra, Suvrit and Nowozin, Sebastian and Wright, Stephen J},
  year={2012},
  publisher={MIT Press}
}

@article{li2020accelerated,
  title={Accelerated first-order optimization algorithms for machine learning},
  author={Li, Huan and Fang, Cong and Lin, Zhouchen},
  journal={Proceedings of the IEEE},
  volume={108},
  number={11},
  pages={2067--2082},
  year={2020},
  publisher={IEEE}
}

@inproceedings{huo2018accelerated,
  title={Accelerated method for stochastic composition optimization with nonsmooth regularization},
  author={Huo, Zhouyuan and Gu, Bin and Liu, Ji and Huang, Heng},
  booktitle={Thirty-Second AAAI Conference on Artificial Intelligence},
  year={2018}
}

@book{shalev2014understanding,
  title={Understanding machine learning: From theory to algorithms},
  author={Shalev-Shwartz, Shai and Ben-David, Shai},
  year={2014},
  publisher={Cambridge University Press}
}

@article{bhat2000,
author = {Bhat, Sanjay P. and Bernstein, Dennis S.},
title = {Finite-Time Stability of Continuous Autonomous Systems},
journal = {SIAM Journal on Control and Optimization},
volume = {38},
number = {3},
pages = {751-766},
year = {2000}
}

@article{polyakov2011nonlinear,
  title={Nonlinear feedback design for fixed-time stabilization of linear control systems},
  author={Polyakov, Andrey},
  journal={IEEE Transactions on Automatic Control},
  volume={57},
  number={8},
  pages={2106--2110},
  year={2011},
  publisher={IEEE}
}

@book{boyd2004, place={Cambridge}, title={Convex Optimization}, DOI={10.1017/CBO9780511804441}, publisher={Cambridge University Press}, author={Boyd, Stephen and Vandenberghe, Lieven}, year={2004}}


@article{polyakov2019consistent,
  title={{C}onsistent {d}iscretization of {f}inite-time and {f}ixed-time {s}table {s}ystems},
  author={Polyakov, Andrey and Efimov, Denis and Brogliato, Bernard},
  journal={SIAM Journal on {C}ontrol and {O}ptimization},
  volume={57},
  number={1},
  pages={78--103},
  year={2019},
  publisher={SIAM}
}

@article{benosman2020optimizing,
  title={Optimizing deep neural networks via discretization of finite-time convergent flows},
  author={Benosman, Mouhacine and Romero, Orlando and Cherian, Anoop},
  journal={arXiv preprint arXiv:2010.02990},
  year={2020}
}

@misc{garg2021MVIP,
      title={Fixed-Time Stable Proximal Dynamical System for Solving MVIPs}, 
      author={Kunal Garg and Mayank Baranwal and Rohit Gupta and Mouhacine Benosman},
      year={2021},
      note={arXiv e-Print}
}

@ARTICLE{qu2019,
  author={Qu, Guannan and Li, Na},
  journal={IEEE Control Systems Letters}, 
  title={On the Exponential Stability of Primal-Dual Gradient Dynamics}, 
  year={2019},
  volume={3},
  number={1},
  pages={43-48},
  doi={10.1109/LCSYS.2018.2851375}}

@inproceedings{karimi2016linear,
  title={Linear convergence of gradient and proximal-gradient methods under the polyak-{\l}ojasiewicz condition},
  author={Karimi, Hamed and Nutini, Julie and Schmidt, Mark},
  booktitle={Joint European Conference on Machine Learning and Knowledge Discovery in Databases},
  pages={795--811},
  year={2016},
  organization={Springer}
}

@article{brown1989,
title={Some effective methods for unconstrained optimization based on the solution of systems of ordinary differential equations},
author={Brown, A.A. and Bartholomew-Biggs, M.C.},
journal={Journal of Optimization Theory and Applications},
year={1989},
volume={62},
pages={211--224}
}

@article{su2016,
  author  = {Weijie Su and Stephen Boyd and Emmanuel J. Cand{{\`e}}s},
  title   = {A Differential Equation for Modeling Nesterov's Accelerated Gradient Method: Theory and Insights},
  journal = {Journal of Machine Learning Research},
  year    = {2016},
  volume  = {17},
  number  = {153},
  pages   = {1-43},
  url     = {http://jmlr.org/papers/v17/15-084.html}
}

@article {andre2016,
    Title = {A variational perspective on accelerated methods in optimization},
	Author = {Wibisono, Andre and Wilson, Ashia C and Jordan, Michael I},
	Number = {47},
	Volume = {113},
	Month = {November},
	Year = {2016},
	Journal = {Proceedings of the National Academy of Sciences of the United States of America},
	ISSN = {0027-8424},
	Pages = {E7351—E7358}
}


@article{cortes2006,
title = {Finite-time convergent gradient flows with applications to network consensus},
journal = {Automatica},
volume = {42},
number = {11},
pages = {1993-2000},
year = {2006},
issn = {0005-1098},
author = {Jorge Cortés}}

@inproceedings{chen2018,  
author={Chen, Fei and Ren, Wei},  booktitle={2018 IEEE Conference on Decision and Control (CDC)},   title={Convex Optimization via Finite-Time Projected Gradient Flows},   year={2018}, pages={4072-4077}}

@inproceedings{li2017distributed,  
author={Li, Chaojie and Yu, Xinghuo and Zhou, Xiaojun and Ren, Wei},  booktitle={IECON 2017 - 43rd Annual Conference of the IEEE Industrial Electronics Society},   title={A fixed time distributed optimization: A sliding mode perspective},   year={2017},  pages={8201-8207},
}

@book{Khalil,
author        = "Khalil, Hassan K",
title         = "{Nonlinear systems; 3rd ed.}",
publisher     = "Prentice-Hall",
address       = "Upper Saddle River, NJ",
year          = "2002"}

@inproceedings{kingma2015adam,
author    = {Diederik P. Kingma and
               Jimmy Ba},
title     = {Adam: {A} Method for Stochastic Optimization},
booktitle = {3rd International Conference on Learning Representations
San Diego},
  year      = {2015}}