@article{ruder:freeze,
  author    = {Matthew Peters and
               Sebastian Ruder and
               Noah A. Smith},
  title     = {To Tune or Not to Tune? {Adapting} Pretrained Representations to Diverse
               Tasks},
  journal   = {CoRR},
  volume    = {abs/1903.05987},
  year      = {2019},
  url       = {http://arxiv.org/abs/1903.05987},
  archivePrefix = {arXiv},
  eprint    = {1903.05987},
  timestamp = {Sun, 31 Mar 2019 19:01:24 +0200},
  biburl    = {https://dblp.org/rec/bib/journals/corr/abs-1903-05987},
  bibsource = {dblp computer science bibliography, https://dblp.org}
}


@InProceedings{S17-2083,
  author = 	"Kochkina, Elena
		and Liakata, Maria
		and Augenstein, Isabelle",
  title = 	{{Turing at SemEval-2017 task 8: sequential approach to rumour stance      classification with Branch-LSTM    }},
  booktitle = 	"International Workshop on Semantic Evaluation",
  year = 	"2017",
  pages = 	"475--480",
  location = 	"Vancouver, Canada"
}


@inproceedings{lample:2018,
  title={Unsupervised machine translation using monolingual corpora only},
  author={Lample, Guillaume and Conneau, Alexis and Denoyer, Ludovic and Ranzato, Marc'Aurelio},
  booktitle={International Conference on Learning Representations},
  year={2018}
}

@inproceedings{lukasik:2016,
  title={Hawkes processes for continuous time sequence classification: an application to rumour stance classification in {Twitter}},
  author={Lukasik, Michal and Srijith, PK and Vu, Duy and Bontcheva, Kalina and Zubiaga, Arkaitz and Cohn, Trevor},
  booktitle={Annual Meeting of the Association for Computational Linguistics},
  volume={2},
  pages={393--398},
  year={2016}
}

@inproceedings{vaswani2017,
  title={Attention is all you need},
  author={Vaswani, Ashish and Shazeer, Noam and Parmar, Niki and Uszkoreit, Jakob and Jones, Llion and Gomez, Aidan N and Kaiser, {\L}ukasz and Polosukhin, Illia},
  booktitle={Advances in Neural Information Processing Systems},
  pages={5998--6008},
  year={2017}
}

@InProceedings{rumour:17,
  author = 	"Derczynski, Leon
		and Bontcheva, Kalina
		and Liakata, Maria
		and Procter, Rob
		and Wong Sak Hoi, Geraldine
		and Zubiaga, Arkaitz",
  title = 	"{RumourEval}: Determining rumour veracity and support for rumours",
  booktitle = 	"International Workshop on Semantic Evaluation",
  year = 	"2017",
  pages = 	"69--76",
  location = 	"Vancouver, Canada"
}
@article{rumour:19,
  title={{{RumourEval} 2019: Determining rumour veracity and support for rumours}},
  author={Gorrell, Genevieve and Bontcheva, Kalina and Derczynski, Leon and Kochkina, Elena and Liakata, Maria and Zubiaga, Arkaitz},
  journal={arXiv:1809.06683},
  year={2018}
}


@article{adam,
  title={{Adam: A method for stochastic optimization}},
  author={Kingma, Diederik P and Ba, Jimmy},
  journal={arXiv:1412.6980},
  year={2014}
}

@inproceedings{mikolov:2013,
  title={Distributed representations of words and phrases and their compositionality},
  author={Mikolov, Tomas and Sutskever, Ilya and Chen, Kai and Corrado, Greg S and Dean, Jeff},
  booktitle={Advances in Neural Information Processing Systems},
  pages={3111--3119},
  year={2013}
}

@article{lstm,
  title={Long short-term memory},
  author={Hochreiter, Sepp and Schmidhuber, J{\"u}rgen},
  journal={Neural Computation},
  volume={9},
  number={8},
  pages={1735--1780},
  year={1997},
  publisher={MIT Press}
}

@article{sutton:2017,
  title={{Popularity of arXiv. org within Computer Science}},
  author={Sutton, Charles and Gong, Linan},
  journal={arXiv:1710.05225},
  year={2017}
}

@article{gpt2,
title={Language Models are Unsupervised Multitask Learners},
year={2019},
author={Alec Radford and Jeffrey Wu and Rewon Child and David Luan and Dario Amodei and and Ilya Sutskever}
}

@article{gpt,
title={Improving language understanding by generative pre-training},
year={2018},
author={Alec Radford and Karthik Narasimhan and Tim Salimans and Ilya Sutskever}
}

@article{bert,
  title={{BERT: Pre-training of deep bidirectional transformers for language understanding}},
  author={Devlin, Jacob and Chang, Ming-Wei and Lee, Kenton and Toutanova, Kristina},
  journal={arXiv:1810.04805},
  year={2018}
}

@InProceedings{elmo,
  author = 	"Peters, Matthew
		and Neumann, Mark
		and Iyyer, Mohit
		and Gardner, Matt
		and Clark, Christopher
		and Lee, Kenton
		and Zettlemoyer, Luke",
  title = 	{{Deep contextualized word representations}},
  booktitle = 	"North American Chapter of the Association for Computational Linguistics",
  volume = 1,
  year = 	"2018",
  pages = 	"2227--2237"
}


@InProceedings{derczynski:2016,
  author = 	"Derczynski, Leon
		and Bontcheva, Kalina
		and Roberts, Ian",
  title = 	"Broad {Twitter} {Corpus}: A Diverse Named Entity Recognition Resource",
  booktitle = 	"International Conference on Computational Linguistics",
  year = 	"2016",
  pages = 	"1169--1179",
  location = 	"Osaka, Japan"
}

@inproceedings{kang18naacl,
  title = {A Dataset of Peer Reviews ({PeerRead}): Collection, Insights and {NLP} Applications},
  author = {Dongyeop Kang and Waleed Ammar and Bhavana Dalvi and Madeleine van Zuylen and Sebastian Kohlmeier and Eduard Hovy and Roy Schwartz},
  booktitle = {North American Chapter of the Association for Computational Linguistics},
  month = {June},
  year = {2018}
}

@inproceedings{kulkarni2015statistically,
  title={Statistically significant detection of linguistic change},
  author={Kulkarni, Vivek and Al-Rfou, Rami and Perozzi, Bryan and Skiena, Steven},
  booktitle={International Conference on World Wide Web},
  pages={625--635},
  year={2015},
  organization={International World Wide Web Conferences Steering Committee}
}

@inproceedings{kim2014temporal,
  title={Temporal analysis of language through neural language models},
  author={Kim, Yoon and Chiu, Yi-I and Hanaki, Kentaro and Hegde, Darshan and Petrov, Slav},
  booktitle={ACL Workshop on Language Technologies and Computational Social Science},
  pages={61--65},
  year={2014}
}

@inproceedings{hamilton2016diachronic,
  title={Diachronic Word Embeddings Reveal Statistical Laws of Semantic Change},
  author={Hamilton, William L and Leskovec, Jure and Jurafsky, Dan},
  booktitle={Annual Meeting of the Association for Computational Linguistics},
  volume={1},
  pages={1489--1501},
  year={2016}
}

@inproceedings{kulkarni2015statistically,
  title={Statistically significant detection of linguistic change},
  author={Kulkarni, Vivek and Al-Rfou, Rami and Perozzi, Bryan and Skiena, Steven},
  booktitle={International Conference on World Wide Web},
  pages={625--635},
  year={2015}
}

@inproceedings{mihalcea2012word,
  title={Word epoch disambiguation: Finding how words change over time},
  author={Mihalcea, Rada and Nastase, Vivi},
  booktitle={Annual Meeting of the Association for Computational Linguistics},
  volume=2,
  pages={259--263},
  year={2012}
}

@inproceedings{basile2014analysing,
  title={Analysing word meaning over time by exploiting temporal random indexing},
  author={Basile, Pierpaolo and Caputo, Annalina and Semeraro, Giovanni},
  booktitle={Italian Conference on Computational Linguistics},
  year={2014}
}

@inproceedings{wijaya2011understanding,
  title={Understanding semantic change of words over centuries},
  author={Wijaya, Derry Tanti and Yeniterzi, Reyyan},
  booktitle={International Workshop on Detecting and Exploiting Cultural Diversity on the Social Web},
  pages={35--40},
  year={2011}
}

@InProceedings{mitra2014senses,
  author = 	"Mitra, Sunny
		and Mitra, Ritwik
		and Riedl, Martin
		and Biemann, Chris
		and Mukherjee, Animesh
		and Goyal, Pawan",
  title = 	"That's sick dude!: Automatic identification of word sense change across      different timescales    ",
  booktitle = 	"Annual Meeting of the Association for Computational Linguistics",
  volume = 1,
  year = 	"2014",
  pages = 	"1020--1029",
  location = 	"Baltimore, Maryland"
}


@article{michel2011quantitative,
  title={Quantitative analysis of culture using millions of digitized books},
  author={Michel, Jean-Baptiste and Shen, Yuan Kui and Aiden, Aviva Presser and Veres, Adrian and Gray, Matthew K and Pickett, Joseph P and Hoiberg, Dale and Clancy, Dan and Norvig, Peter and Orwant, Jon and others},
  journal={Science},
  volume={331},
  number={6014},
  pages={176--182},
  year={2011},
  publisher={American Association for the Advancement of Science}
}

@article{heyer2009change,
  title={Change of topics over time-tracking topics by their change of meaning},
  author={Heyer, Gerhard and Holz, Florian and Teresniak, Sven},
  journal={International Conference on Knowledge Discovery and Information Retrieval},
  volume={9},
  pages={223--228},
  year={2009}
}

@inproceedings{gulordava2011distributional,
  title={A distributional similarity approach to the detection of semantic change in the Google Books {N-gram} corpus},
  author={Gulordava, Kristina and Baroni, Marco},
  booktitle={Workshop on Geometrical Models of Natural Language Semantics},
  pages={67--71},
  year={2011}
}

@inproceedings{wang2006topics,
  title={Topics over time: a non-{Markov} continuous-time model of topical trends},
  author={Wang, Xuerui and McCallum, Andrew},
  booktitle={International Conference on Knowledge Discovery and Data Mining},
  pages={424--433},
  year={2006},
  organization={ACM}
}

@inproceedings{sipos2012temporal,
  title={Temporal corpus summarization using submodular word coverage},
  author={Sipos, Ruben and Swaminathan, Adith and Shivaswamy, Pannaga and Joachims, Thorsten},
  booktitle={International Conference on Information and Knowledge Management},
  pages={754--763},
  year={2012}
}

@inproceedings{blei2006dynamic,
  title={Dynamic Topic Models},
  author={Blei, David M and Lafferty, John D},
  booktitle={International Conference on Machine Learning},
  pages={113--120},
  year={2006}
}

@inproceedings{allan2001temporal,
  title={Temporal Summaries of News Topics},
  author={Allan, James and Gupta, Rahul and Khandelwal, Vikas},
  booktitle={International Conference on Research and Development in Information Retrieval},
  pages={10--18},
  year={2001}
}

@inproceedings{aljundi2015landmarks,
  title={Landmarks-based Kernelized Subspace Alignment for Unsupervised Domain Adaptation},
  author={Aljundi, Rahaf and Emonet, R{\'e}mi and Muselet, Damien and Sebban, Marc},
  booktitle={IEEE Conference on Computer Vision and Pattern Recognition},
  pages={56--63},
  year={2015}
}

@book{bishop2006pattern,
  title={{Pattern Recognition and Machine Learning}},
  author={Bishop, Christopher M},
  year={2006},
  publisher={Springer}
}

@article{bruzzone2010domain,
  title={Domain adaptation problems: A {DASVM} classification technique and a circular validation strategy},
  author={Bruzzone, Lorenzo and Marconcini, Mattia},
  journal={IEEE Transactions on Pattern Analysis and Machine Intelligence},
  volume={32},
  number={5},
  pages={770--787},
  year={2010}
}

@inproceedings{dietterich2002machine,
  title={Machine Learning for Sequential Data: A Review},
  author={Dietterich, Thomas G},
  booktitle={International Workshops on Statistical Techniques in Pattern Recognition (SPR) and Structural and Syntactic Pattern Recognition (SSPR)},
  pages={15--30},
  year={2002},
  publisher={Springer}
}
@inproceedings{ditzler2011hellinger,
  title={{Hellinger Distance Based Drift Detection for Nonstationary Environments}},
  author={Ditzler, Gregory and Polikar, Robi},
  booktitle={IEEE Symposium on Computational Intelligence in Dynamic and Uncertain Environments},
  pages={41--48},
  year={2011}
}

@article{djuric2003particle,
  title={{Particle Filtering}},
  author={Djuric, Petar M and Kotecha, Jayesh H and Zhang, Jianqui and Huang, Yufei and Ghirmai, Tadesse and Bugallo, M{\'o}nica F and Miguez, Joaquin},
  journal={IEEE Signal Processing Magazine},
  volume={20},
  number={5},
  pages={19--38},
  year={2003}
}
@inproceedings{fernando2013unsupervised,
  title={{Unsupervised visual domain adaptation using subspace alignment}},
  author={Fernando, Basura and Habrard, Amaury and Sebban, Marc and Tuytelaars, Tinne},
  booktitle={IEEE International Conference on Computer Vision},
  pages={2960--2967},
  year={2013}
}
@article{hoens2012learning,
  title={Learning from streaming data with concept drift and imbalance: an overview},
  author={Hoens, T Ryan and Polikar, Robi and Chawla, Nitesh V},
  journal={Progress in Artificial Intelligence},
  volume={1},
  number={1},
  pages={89--101},
  year={2012},
  publisher={Springer}
}
@article{hoi2018online,
  title={{Online learning: A comprehensive survey}},
  author={Hoi, Steven CH and Sahoo, Doyen and Lu, Jing and Zhao, Peilin},
  journal={arXiv:1802.02871},
  year={2018}
}

@article{kouw2019review,
  title={A review of domain adaptation without target labels},
  author={Kouw, Wouter Marco and Loog, Marco},
  journal={IEEE Transactions on Pattern Analysis and Machine Intelligence},
  year={2019}
}

@InProceedings{kutuzov2018diachronic,
  author = 	"Kutuzov, Andrey
		and {\O}vrelid, Lilja
		and Szymanski, Terrence
		and Velldal, Erik",
  title = 	"Diachronic word embeddings and semantic shifts: a survey",
  booktitle = 	"International Conference on Computational Linguistics",
  year = 	"2018",
  pages = 	"1384--1397",
  location = 	"Santa Fe, New Mexico, USA",
}
@InProceedings{lukes:2018,
  author = 	"Luke{\v{s}}, Jan
		and S{\o}gaard, Anders",
  title = 	"Sentiment analysis under temporal shift",
  booktitle = 	"{Workshop on Computational Approaches to Subjectivity, Sentiment and Social Media Analysis}",
  year = 	"2018",
  pages = 	"65--71",
  location = 	"Brussels, Belgium"
}
@article{sogaard2013semi,
  title={Semi-supervised learning and domain adaptation in natural language processing},
  author={S{\o}gaard, Anders},
  journal={Synthesis Lectures on Human Language Technologies},
  volume={6},
  number={2},
  pages={1--103},
  year={2013}
}

@inproceedings{sun2015subspace,
  title={Subspace distribution alignment for unsupervised domain adaptation},
  author={Sun, Baochen and Saenko, Kate},
  booktitle={British Machine Vision Conference},
  pages={24--1},
  year={2015}
}

@inproceedings{tsvetkov2015evaluation,
  title={Evaluation of word vector representations by subspace alignment},
  author={Tsvetkov, Yulia and Faruqui, Manaal and Ling, Wang and Lample, Guillaume and Dyer, Chris},
  booktitle={Conference on Empirical Methods in Natural Language Processing},
  pages={2049--2054},
  year={2015}
}

@inproceedings{yao2015semi,
  title={Semi-supervised domain adaptation with subspace learning for visual recognition},
  author={Yao, Ting and Pan, Yingwei and Ngo, Chong-Wah and Li, Houqiang and Mei, Tao},
  booktitle={IEEE Conference on Computer Vision and Pattern Recognition},
  pages={2142--2150},
  year={2015}
}
@inproceedings{yao2018dynamic,
  title={Dynamic word embeddings for evolving semantic discovery},
  author={Yao, Zijun and Sun, Yifan and Ding, Weicong and Rao, Nikhil and Xiong, Hui},
  booktitle={International Conference on Web Search and Data Mining},
  pages={673--681},
  year={2018}
}
@article{zhang2004principal,
  title={{Principal manifolds and nonlinear dimension reduction via local tangent space slignment}},
  author={Zhang, Zhenyue and Zha, Hongyuan},
  journal={SIAM Journal on Scientific Computing},
  volume={26},
  number={1},
  pages={313--338},
  year={2004},
  publisher={SIAM}
}
@inproceedings{zhang2017joint,
  title={{Joint geometrical and statistical alignment for visual domain adaptation}},
  author={Zhang, Jing and Li, Wanqing and Ogunbona, Philip},
  booktitle={IEEE Conference on Computer Vision and Pattern Recognition},
  pages={5150--5158},
  year={2017}
}
@article{kwon2017rumor,
  title={{Rumor detection over varying time windows}},
  author={Kwon, Sejeong and Cha, Meeyoung and Jung, Kyomin},
  journal={PLoS ONE},
  volume={12},
  number={1},
  pages={e0168344},
  year={2017},
  publisher={Public Library of Science}
}



@book{Aho:72,
    author  = {Alfred V. Aho and Jeffrey D. Ullman},
    title   = {The Theory of Parsing, Translation and Compiling},
    year    = "1972",
    volume  = "1",
    publisher = {Prentice-Hall},
    address = {Englewood Cliffs, NJ}
}

@book{APA:83,
    author  = {{American Psychological Association}},
    title   = {Publications Manual},
    year    = "1983",
   publisher = {American Psychological Association},
   address = {Washington, DC}
}

@article{ACM:83,
	author = {Association for Computing Machinery},
	year = "1983",
	journal = {Computing Reviews},
	volume = "24",
	number = "11",
	pages = "503--512"
}

@article{Chandra:81,
	author = {Ashok K. Chandra and Dexter C. Kozen and Larry J. Stockmeyer},
	year = "1981",
	title = {Alternation},
	journal = {Journal of the Association for Computing Machinery},
	volume = "28",
	number = "1",
	pages = "114--133",
	doi = "10.1145/322234.322243",
}

@inproceedings{andrew2007scalable,
  title={Scalable training of {L1}-regularized log-linear models},
  author={Andrew, Galen and Gao, Jianfeng},
  booktitle={International Conference on Machine Learning},
  pages={33--40},
  year={2007},
}

@book{Gusfield:97,
    author  = {Dan Gusfield},
    title   = {Algorithms on Strings, Trees and Sequences},
    year    = "1997",
    publisher = {Cambridge University Press},
    address = {Cambridge, UK}
}

@inproceedings{borsch2011,
	Address = {Canberra, Australia},
	Author = {Benjamin Borschinger and Mark Johnson},
	Booktitle = {Australasian Language Technology Association Workshop},
	Month = {December},
	Pages = {10--18},
	Title = {A Particle Filter algorithm for {B}ayesian Wordsegmentation},
	Year = {2011}}

@article{rasooli-tetrault-2015,
    author    = {Mohammad Sadegh Rasooli and Joel R. Tetreault},
    title     = {Yara Parser: {A} Fast and Accurate Dependency Parser},
    journal   = {Computing Research Repository},
    volume    = {arXiv:1503.06733},
    year      = {2015},
    url       = {http://arxiv.org/abs/1503.06733},
    note    = {version 2}
}

@article{Ando2005,
	Acmid = {1194905},
	Author = {Ando, Rie Kubota and Zhang, Tong},
	Issn = {1532-4435},
	Issue_Date = {12/1/2005},
	Journal = {Journal of Machine Learning Research},
	Month = dec,
	Numpages = {37},
	Pages = {1817--1853},
	Publisher = {JMLR.org},
	Title = {A Framework for Learning Predictive Structures from Multiple Tasks and Unlabeled Data},
	Volume = {6},
	Year = {2005}}

@InProceedings{P16-1001,
  author =	"Goodman, James
  	 and Vlachos, Andreas
	     and Naradowsky, Jason",
  title =    "Noise reduction and targeted exploration in imitation learning for      Abstract Meaning Representation parsing    ",
  booktitle = 	    "Proceedings of the 54th Annual Meeting of the Association for      Computational Linguistics (Volume 1: Long Papers)    ",
  year =    "2016",
  publisher =	"Association for Computational Linguistics",
  pages =   "1--11",
  location =	"Berlin, Germany",
  doi =    "10.18653/v1/P16-1001",
  url =    "http://aclweb.org/anthology/P16-1001"
}

@InProceedings{C14-1001,
  author =	"Harper, Mary",
  title = 	"Learning from 26 Languages: Program Management and Science in the Babel Program",
  booktitle = 	"International Conference on Computational Linguistics: Technical Papers",
  year =    "2014",
  pages =   "1",
}
