@article{MaK17,
  author    = {Hang Ma and
               Sven Koenig},
  title     = {{AI} buzzwords explained: multi-agent path finding {(MAPF)}},
  journal   = {{AI} Matters},
  volume    = {3},
  number    = {3},
  pages     = {15--19},
  year      = {2017}
}

@article{barr1995teaching,
  title={From teaching to learningâ€”A new paradigm for undergraduate education},
  author={Barr, Robert B and Tagg, John},
  journal={Change: The magazine of higher learning},
  volume={27},
  number={6},
  pages={12--26},
  year={1995},
  publisher={Taylor \& Francis Group}
}



@article{nguyen2017robustPlanning, 
author = {Tuan Nguyen and 
Sarath Sreedharan and 
Subbarao Kambhampati}, 
title = {Robust planning with incomplete domain models}, 
journal = {Artif. Intell.}, 
volume = {245}, 
pages = {134--161}, 
year = {2017}
} 


@inproceedings{nengFa2017modeling,
  author    = {Neng-Fa Zhou and Roman Bart{\'{a}}k and Roni Stern and Eli Boyarski and Pavel Surynek},
  title     = {Modeling and Solving the Multi-Agent Pathfinding Problem in Picat},
  booktitle = {IEEE International Conference on Tools with Artificial Intelligence (ICTAI)},
  year      = {2017}
}


@inproceedings{felner2017searchBased,
  author    = {Ariel Felner and
               Roni Stern and
               Solomon Eyal Shimony and
               Eli Boyarski and
               Meir Goldenberg and
               Guni Sharon and
               Nathan R. Sturtevant and
               Glenn Wagner and
               Pavel Surynek},
  title     = {Search-Based Optimal Solvers for the Multi-Agent Pathfinding Problem:
               Summary and Challenges},
  booktitle = {the International Symposium on Combinatorial
               Search (SoCS)},
  pages     = {29--37},
  year      = {2017}
}

@inproceedings{wagner2017path,
  author    = {Glenn Wagner and
               Howie Choset},
  title     = {Path Planning for Multiple Agents under Uncertainty},
  booktitle = {the  International Conference on Automated Planning and Scheduling ({ICAPS})},
  pages     = {577--585},
  year      = {2017}
}


@inproceedings{ma2017multiAgent,
    title={Multi-Agent Path Finding with Delay Probabilities},
    author={H. Ma and S. Kumar and S. Koenig},
    booktitle={AAAI},
    year={2017}
}


@article{nebel2000compilability,
    title={On the compilability and expressive power of propositional planning formalisms},
    author={Nebel and Bernhard},
    journal={Journal of Artificial Intelligence Research},
    volume={12},
    pages={271--315},
    year={2000}
}


@inproceedings{muise2012improved,
    title={Improved Non-Deterministic Planning by Exploiting State Relevance.},
    author={Muise, Christian J and McIlraith, Sheila A and Beck, J Christopher},
    booktitle={ICAPS},
    year={2012}
}

@inproceedings{daniele1999strong,
    title={Strong cyclic planning revisited},
    author={Daniele, Marco and Traverso, Paolo and Vardi, Moshe Y},
    booktitle={European Conference on Planning},
    pages={35--48},
    year={1999},
    organization={Springer}
}


@inproceedings{kissmann2009solving,
  title={Solving fully-observable non-deterministic planning problems via translation into a general game},
  author={Kissmann, Peter and Edelkamp, Stefan},
  booktitle={Annual Conference on Artificial Intelligence},
  pages={1--8},
  year={2009},
  organization={Springer}
}

@article{cimatti2003weak,
  title={Weak, strong, and strong cyclic planning via symbolic model checking},
  author={Cimatti, Alessandro and Pistore, Marco and Roveri, Marco and Traverso, Paolo},
  journal={Artificial Intelligence},
  volume={147},
  number={1},
  pages={35--84},
  year={2003},
  publisher={Elsevier}
}

@article{hoffmann2006conformant,
  title={Conformant planning via heuristic forward search: A new approach},
  author={Hoffmann, J{\"o}rg and Brafman, Ronen I},
  journal={Artificial Intelligence},
  volume={170},
  number={6},
  pages={507--541},
  year={2006},
  publisher={Elsevier}
}


@article{cavalcanti2007nanorobot,
    title={Nanorobot architecture for medical target identification},
    author={Cavalcanti, Adriano and Shirinzadeh, Bijan and Freitas Jr, Robert A and Hogg, Tad},
    journal={Nanotechnology},
    volume={19},
    number={1},
    pages={015103},
    year={2007}
}

@article{palacios2009compiling,
  title={Compiling uncertainty away in conformant planning problems with bounded width},
  author={Palacios, Hector and Geffner, Hector},
  journal={Journal of Artificial Intelligence Research},
  volume={35},
  pages={623--675},
  year={2009}
}

@article{jimenez2012review,
  title={A review of machine learning for automated planning},
  author={Jim{\'e}nez, Sergio and De La Rosa, Tom{\'a}s and Fern{\'a}ndez, Susana and Fern{\'a}ndez, Fernando and Borrajo, Daniel},
  journal={The Knowledge Engineering Review},
  volume={27},
  number={4},
  pages={433--467},
  year={2012}
}

@inproceedings{walsh2008efficientLearning,
 author = {Walsh, Thomas J. and Littman, Michael L.},
 title = {Efficient Learning of Action Schemas and Web-service Descriptions},
 booktitle = {the National Conference on Artificial Intelligence (AAAI)},
 year = {2008},
 pages = {714--719}
}

@article{jimenez2013integrating,
  title={Integrating planning, execution, and learning to improve plan execution},
  author={Jim{\'e}nez, Sergio and Fern{\'a}ndez, Fernando and Borrajo, Daniel},
  journal={Computational Intelligence},
  volume={29},
  number={1},
  pages={1--36},
  year={2013},
  publisher={Wiley Online Library}
}

@inproceedings{levine2006explanation,
  title={Explanation-Based Acquisition of Planning Operators.},
  author={Levine, Geoffrey and DeJong, Gerald},
  booktitle={ICAPS},
  pages={152--161},
  year={2006}
}

@inproceedings{wang1994learning,
  author    = {Xuemei Wang},
  title     = {Learning Planning Operators by Observation and Practice},
  booktitle = {the International Conference on Artificial Intelligence Planning Systems (AIPS)},
  pages     = {335--340},
  year      = {1994}
}

@article{veloso1995integrating,
  title={Integrating planning and learning: The PRODIGY architecture},
  author={Veloso, Manuela and Carbonell, Jaime and Perez, Alicia and Borrajo, Daniel and Fink, Eugene and Blythe, Jim},
  journal={Journal of Experimental \& Theoretical Artificial Intelligence},
  volume={7},
  number={1},
  pages={81--120},
  year={1995}
}

@inproceedings{wang1995learning,
  title={Learning by observation and practice: An incremental approach for planning operator acquisition},
  author={Wang, Xuemei},
  booktitle={ICML},
  pages={549--557},
  year={1995}
}

@article{konidaris2014constructing,
  title={Constructing symbolic representations for high-level planning},
  author={Konidaris, George and Kaelbling, Leslie Pack and Lozano-Perez, Tomas},
  year={2014},
  publisher={Association for the Advancement of Artificial Intelligence (AAAI)}
}

@inproceedings{mourao2012learning,
  title={Learning STRIPS operators from noisy and incomplete observations},
  author={Mour{\~{a}}o, Kira and Zettlemoyer, Luke S and Petrick, Ronald and Steedman, Mark},
  booktitle={UAI},
  pages={614--623},
  year={2012}
}


@TECHREPORT{mcdermott1998pddl,
  AUTHOR =        {McDermott, Drew and Ghallab, Malik and Howe, Adele and Knoblock, Craig and Ram, Ashwin and Veloso, Manuela and Weld, Daniel and Wilkins, David},
  TITLE =         {{PDDL}-the planning domain definition language},
  YEAR  =         {1998},
  institution = {AIPS '98 - The Planning Competition Committee}
}


@article{fikes1971strips,
  title={{STRIPS}: A new approach to the application of theorem proving to problem solving},
  author={Fikes, Richard E and Nilsson, Nils J},
  journal={Artificial intelligence},
  volume={2},
  number={3-4},
  pages={189--208},
  year={1971},
  publisher={Elsevier}
}

@inproceedings{GILON2016,
  author    = {D. Gilon and
               A. Felner and
               R. Stern},
  title     = {Dynamic Potential Search - {A} New Bounded Suboptimal Search},
  booktitle = {Proceedings of the Ninth Annual Symposium on Combinatorial Search,
               {SOCS} 2016, Tarrytown, NY, USA, July 6-8, 2016.},
  pages     = {36--44},
  year      = {2016}
}



@inproceedings{BurnsHLR12,
  author    = {Ethan Andrew Burns and
               Matthew Hatem and
               Michael J. Leighton and
               Wheeler Ruml},
  title     = {Implementing Fast Heuristic Search Code},
  booktitle = {SoCS},
  year      = {2012}
}



@inproceedings{MMAAAI16,
  author    = {Robert  C. Holte and  Ariel Felner and  Guni Sharon and   Nathan R. Sturtevant},
  title     = {Bidirectional Search That Is Guaranteed to Meet in the Middle},
  booktitle = {Proceedings of the {AAAI} Conference on Artificial Intelligence},
  year      = {2016}
}

@article{lelis2016predicting,
  title={Predicting optimal solution costs with bidirectional stratified sampling in regular search spaces},
  author={Lelis, Levi HS and Stern, Roni and Arfaee, Shahab Jabbari and Zilles, Sandra and Felner, Ariel and Holte, Robert C},
  journal={Artificial Intelligence},
  volume={230},
  pages={51--73},
  year={2016},
  publisher={Elsevier}
}

@article{lelis2014predicting,
  title={Predicting optimal solution cost with conditional probabilities},
  author={Lelis, Levi HS and Stern, Roni and Felner, Ariel and Zilles, Sandra and Holte, Robert C},
  journal={Annals of Mathematics and Artificial Intelligence},
  volume={72},
  number={3-4},
  pages={267--295},
  year={2014},
  publisher={Springer}
}


@article{Lippi,
  title={Optimally solving permutation sorting problems with efficient partial expansion bidirectional heuristic search},
  author={M. Lippi and M. Ernandes and  Ariel Felner},
  journal={Artificial Intelligence Communication},
  year={2016},
  publisher={To appear}
}

@book{ghallab2004automated,
  title={Automated planning: theory \& practice},
  author={Ghallab, Malik and Nau, Dana and Traverso, Paolo},
  year={2004},
  publisher={Elsevier}
}


@inproceedings{helmert2010landmark,
  title={Landmark heuristics for the pancake problem},
  author={Helmert, Malte},
  booktitle={Third Annual Symposium on Combinatorial Search (SoCS)},
  year={2010}
}


@book{russell1995artificial,
  title={Artificial intelligence: a modern approach},
  author={Russell, Stuart and Norvig, Peter},
  publisher={Prentice Hall},
    year={1995}
}

@inproceedings{valenzano2013using,
  title={Using Alternative Suboptimality Bounds in Heuristic Search.},
  author={Valenzano, Richard Anthony and Arfaee, Shahab Jabbari and Thayer, Jordan Tyler and Stern, Roni and Sturtevant, Nathan R},
  booktitle={ICAPS},
  year={2013}
}


@article{EbendtD09,
  author    = {R{\"{u}}diger Ebendt and
               Rolf Drechsler},
  title     = {Weighted {A}* search - unifying view and application},
  journal   = {Artif. Intell.},
  volume    = {173},
  number    = {14},
  pages     = {1310--1342},
  year      = {2009}
}



@inproceedings{wilt2014speedy,
  title={Speedy versus greedy search},
  author={Wilt, Christopher Makoto and Ruml, Wheeler},
  booktitle={Seventh Annual Symposium on Combinatorial Search},
  year={2014}
}


@inproceedings{Ruml10,
  author    = {Wheeler Ruml},
  title     = {The Logic of Benchmarking: {A} Case Against State-of-the-Art Performance},
  booktitle = {Proceedings of the Third Annual Symposium on Combinatorial Search,
               {SOCS} 2010, Stone Mountain, Atlanta, Georgia, USA, July 8-10, 2010},
  year      = {2010},
}


@incollection{ai4games,
  author={Vadim Bulitko and Yngvi Bj{\"o}rnsson and Nathan R. Sturtevant and Ramon Lawrence},
  title={Real-Time Heuristic Search for Pathfinding in Video Games},
  booktitle={Applied Research in Artificial Intelligence for Computer Games},
  publisher={Springer},
  year={2011},
}

@article{JAIRPDB,
   author="A. Felner and R. E. Korf and S. Hanan",
       title="Additive pattern database heuristics",
       journal="JAIR",
       volume= 22,
       pages="279--318",
       year = 2004
   }


@inproceedings{richter2010joy,
  title={The Joy of Forgetting: Faster Anytime Search via Restarting.},
  author={Richter, Silvia and Thayer, Jordan Tyler and Ruml, Wheeler},
  booktitle={ICAPS},
  pages={137--144},
  year={2010}
}


@inproceedings{incon2007,
  author    = {U. Zahavi and
               A. Felner and
               J. Schaeffer and
               N. Sturtevant},
  title     = {Inconsistent Heuristics},
  booktitle = {AAAI},
  pages     = {1211--1216},
  year      = {2007}
}



@TECHREPORT{SUPP,
  AUTHOR =        {Anonymous},
  TITLE =         {Technical Report: Different trends for {WA*}},
  year      = {2014},
  note  =        {Available at \url{https://drive.google.com/file/d/0B0Q22P-_lFBWZ04tcGJPYTFMSmM/view?usp=sharing}},
}



@inproceedings{ValenzanoSS14,
  author    = {Richard Anthony Valenzano and
               Nathan R. Sturtevant and
               Jonathan Schaeffer},
  title     = {Worst-Case Solution Quality Analysis When Not Re-Expanding Nodes in
               Best-First Search},
  booktitle = {AAAI},
  pages     = {885--892},
  year      = {2014}
}

@article{hartNR68Astar,
  author    = {Peter E. Hart and
               Nils J. Nilsson and
               Bertram Raphael},
  title     = {A Formal Basis for the Heuristic Determination of Minimum
               Cost Paths},
  journal   = {IEEE Transactions on Systems Science and Cybernetics},
  volume = {SSC-4(2)},
  year      = {1968},
  pages     = {100--107},
}
@article{Pohl70HeuristicSearchPathFinding,
  author    = {Ira Pohl},
  title     = {Heuristic Search Viewed as Path Finding in a Graph},
  journal   = {Artificial Intelligence},
  volume = 1,
  number = {3-4},
  pages = {193--204},
  year      = {1970},
}

@inproceedings{Korf1992LinearSpaceBestFirstSearch,
    author    = {Richard E. Korf},
    title     = {Linear-Space Best-First Search: Summary of Results},
    booktitle = {Proceedings of the tenth national conference on Artificial intelligence},
    series = {AAAI'92},
    year      = {1992},
    pages = {533--538},
}

@article{HansenZ07AnytimeHeuristicSearch,
  author    = {Eric A. Hansen and
               Rong Zhou},
  title     = {Anytime Heuristic Search},
  journal   = {Journal of Artificial Intelligence Research (JAIR)},
  volume = {28},
  pages = {267--297},
  year = {2007},
}

@inproceedings{ThayerR08FasterThanWAstar,
  author    = {Jordan Tyler Thayer and
               Wheeler Ruml},
  title     = {Faster than Weighted {A}*: An Optimistic Approach to Bounded
               Suboptimal Search},
  booktitle = {ICAPS},
  year      = {2008},
}
@article{ebendt09WAS,
 author = {Ebendt, R\"{u}diger and Drechsler, Rolf},
 title = {Weighted {A}* search -- unifying view and application},
 journal = {Artif. Intell.},
 publisher = {Elsevier Science Publishers Ltd.},
 address = {Essex, UK},
 volume = {173},
 number = {14},
 pages = {1310--1342},
 year      = {2009},
}



@inproceedings{likhachevGT03AnytimeRepairingAstar,
  author = {Likhachev, Maxim and Gordon, Geoffrey J. and Thrun, Sebastian},
  title = {{ARA}*: Anytime {A}* with Provable Bounds on Sub-Optimality.},
  booktitle = {NIPS},
  year = 2004
}

@conference{ThayerRuml2011SurveySuboptimalSearch,
    author    = {Thayer, Jordan Tyler and Ruml, Wheeler},
    title     = {A Survey of Suboptimal Search Algorithms, a tutorial given at the Twenty-first International Conference on Automated Planning and Scheduling},
    booktitle = {ICAPS-11},
    month     = {June},
    year      = {2011},
}

@inproceedings{MalimaAsifMPA2007,
     author = {Malima, Asanterabi and Sabanovic, Asif},
     title = {Motion planning and assembly for microassembly workstation},
     booktitle = {ISCO},
     pages = {467--474},
     year = {2007},
}

@article{PearlKimSAH1982,
    author = {Pearl, Judea and Kim, Jin H.},
    journal = {IEEE Trans. Pattern Anal. Mach. Intell.},
    title = {Studies in Semi-Admissible Heuristics.},
    number = 4,
    pages = {392--399},
    volume = 4,
    year = 1982
}

@inproceedings{Pohl1973ACH,
    author = {Pohl, Ira},
    title = {The avoidance of (relative) catastrophe, heuristic competence, genuine dynamic weighting and computational issues in heuristic problem solving},
    booktitle = {IJCAI},
    year = {1973},
    pages = {12--17},
}

@inproceedings{SturtevantFBSN2009,
 author = {Sturtevant, Nathan and
           Felner, Ariel and
           Barrer, Max and
           Schaeffer, Jonathan and
           Burch, Neil},
 title = {Memory-based Heuristics for Explicit State Spaces},
 booktitle = {IJCAI},
 year = {2009},
}

@article{FelnerZHSSZ11,
  author    = {Ariel Felner and
               Uzi Zahavi and
               Robert Holte and
               Jonathan Schaeffer and
               Nathan R. Sturtevant and
               Zhifu Zhang},
  title     = {Inconsistent heuristics in theory and practice},
  journal   = {Artif. Intell.},
  volume    = {175},
  number    = {9--10},
  year      = {2011},
  pages     = {1570-1603},
}

@inproceedings{DistanceEstimatesThayerRuml2009,
  author    = {Jordan Tyler Thayer and
               Wheeler Ruml},
  title     = {Using Distance Estimates in Heuristic Search},
  booktitle = {ICAPS},
  year      = {2009},
}

@article{DBLP:journals/jair/HansenZ07,
  author    = {Eric A. Hansen and
               Rong Zhou},
  title     = {Anytime Heuristic Search},
  journal   = {J. Artif. Intell. Res. (JAIR)},
  volume    = {28},
  year      = {2007},
  pages     = {267-297}
}

@inproceedings{AnytimeThayerRuml2010,
  author    = {Jordan Thayer and
               Wheeler Ruml},
  title     = {Anytime Heuristic Search: Frameworks and Algorithms},
  booktitle = {SOCS},
  year      = {2010},
}


@inproceedings{WiltR12,
  author    = {Christopher Makoto Wilt and
               Wheeler Ruml},
  title     = {When Does Weighted {A}* Fail?},
  booktitle = {SOCS},
  year      = {2012}
}

@inproceedings{PotentialSearch2011,
  author    = {Roni Stern and
               Rami Puzis and
               Ariel Felner},
  title     = {Potential search: a bounded-cost search algorithm},
  booktitle = {ICAPS},
  year      = {2011},
}

@inproceedings{ThayerR11BoundedSuboptimalSearch,
  author    = {Jordan Tyler Thayer and
               Wheeler Ruml},
  title     = {Bounded Suboptimal Search: {A} Direct Approach Using Inadmissible
               Estimates},
  booktitle = {IJCAI},
  year      = {2011},
}

@book{NauG04AutomatedPlanning,
 author = {Nau, Dana and Ghallab, Malik and Traverso, Paolo},
 title = {Automated Planning: Theory \& Practice},
 year = {2004},
 publisher = {Morgan Kaufmann Publishers Inc.},
}

@inproceedings{ThayerSFR12,
  author    = {Jordan Tyler Thayer and
               Roni Stern and
               Ariel Felner and
               Wheeler Ruml},
  title     = {Faster Bounded-Cost Search Using Inadmissible Estimates},
  booktitle = {ICAPS},
  year      = {2012},
}

@article{SternFBPSG14,
  author    = {Roni Stern and
               Ariel Felner and
               Jur van den Berg and
               Rami Puzis and
               Rajat Shah and
               Ken Goldberg},
  title     = {Potential-based bounded-cost search and Anytime Non-Parametric \astar{}},
  journal   = {Artificial Intelligence},
  volume    = {214},
  pages     = {1--25},
  year      = {2014},
}

@inproceedings{ZahaviFSS07,
  author    = {Uzi Zahavi and
               Ariel Felner and
               Jonathan Schaeffer and
               Nathan R. Sturtevant},
  title     = {Inconsistent Heuristics},
  booktitle = {AAAI},
  pages     = {1211--1216},
  year      = {2007},
}

@article{vapnik1971,
  author = {V. Vapnik and A. Chervonenkis},
  title = {On the uniform convergence of relative frequencies of events to their probabilities},
  journal = {Theory of Probability and its Applications},
  volume = {16},
  number = {2},
  pages = {264--280},
  year = {1971}
}

@article{valiant1984,
 author = {Leslie G. Valiant},
 title = {A theory of the learnable},
 journal = {Communications of the ACM},
 volume = {18},
 number = {11},
 pages = {1134--1142},
 year = {1984}
}

@article{kearns2002,
 author = {Michael Kearns and Yishay Mansour and Andrew Ng},
 title = {A sparse sampling algorithm for near-optimal planning in large {M}arkov decision processes},
 journal = {Mach. Learn.},
 volume = {49},
 number = {2},
 pages = {193--208},
 year = {2002}
}

@book{zhou2015constraint,
	title={Constraint solving and planning with Picat},
	author={Zhou, Neng-Fa and Kjellerstrand, H{\aa}kan and Fruhman, Jonathan},
	year={2015},
	publisher={Springer}
}

@article{bhattacharya2011distributed,
  title={Distributed optimization with pairwise constraints and its application to multi-robot path planning},
  author={S. Bhattacharyat and V. Kumar},
  journal={Robotics: Science and Systems VI},
  pages={177},
  year={2011},
  publisher={MIT Press}
}

@ARTICLE{JYU,
author={J. Yu and S. M. LaValle},
journal={IEEE Transactions on Robotics},
title={Optimal Multirobot Path Planning on Graphs: Complete Algorithms and Effective Heuristics},
year={2016},
volume={PP},
number={99},
pages={1-15}
}



@inproceedings{TOBE2016,
  author    = {H. Ma and S. Koenig and  N. Ayanian and L. Cohen
and W. HÂ¨onig amd T. K. S. Kumar and T. Uras and H. Xu},
  title     = {Overview: Generalizations of Multi-Agent Path Finding to Real-World Scenarios},
  booktitle = {WOMP Workshop at IJCAI, Available at http://idm-lab.org/publications.html},
  year      = {2016}
}

@inproceedings{SurynekFSB16,
  author    = {P. Surynek and
               A. Felner and
               R. Stern and
               E. Boyarski},
  title     = {Efficient {SAT} Approach to Multi-Agent Path Finding Under the Sum
               of Costs Objective},
  booktitle = {ECAI},
  year      = {2016}
}




@inproceedings{Surynek15,
  author    = {Pavel Surynek},
  title     = {Reduced Time-Expansion Graphs and Goal Decomposition for Solving Cooperative
               Path Finding Sub-Optimally},
  booktitle = {IJCAI},
  pages     = {1916--1922},
  year      = {2015}
  }




@inproceedings{CohenUK15,
  author    = {L. Cohen and
               T. Uras and
               S. Koenig and SS. Koenig},
  title     = {Feasibility Study: Using Highways for Bounded-Suboptimal MAPF},
  booktitle =  {SOCS},
  pages     = {2--8},
  year      = {2015}
}



@inproceedings{LIRON2016,
  author    = {L. Cohen and
               T. Uras and
               T. K. and
               S. Kumar and
               H. Xu and
               N. Ayanian and
               S. Koenig},
  title     = {Improved Solvers for Bounded-Suboptimal Multi-Agent Path Finding},
  booktitle = {IJCAI},
  pages     = {3067--3074},
  year = {2016}
}




@article{YuL15d,
  author    = {Jingjin Yu and
               Steven M. LaValle},
  title     = {Optimal Multi-Robot Path Planning on Graphs: Complete Algorithms and
               Effective Heuristics},
  journal   = {CoRR},
  volume    = {abs/1507.03290},
  year      = {2015}
}


@article{WurmanDM08,
  author    = {P. R. Wurman and
               R. D'Andrea and
               M. Mountz and MM. Mountz},
  title     = {Coordinating Hundreds of Cooperative, Autonomous Vehicles in Warehouses},
  journal   = {{AI} Magazine},
  volume    = {29},
  number    = {1},
  pages     = {9--20},
  year      = {2008}
}



@inproceedings{BoteaS15,
  author    = {A. Botea and
               P. Surynek},
  title     = {Multi-Agent Path Finding on Strongly Biconnected Digraphs},
  booktitle = {AAAI},
  pages     = {2024--2030},
  year      = {2015}
  }


@inproceedings{BarerSSF14,
  author    = {M. Barer and
               G. Sharon and
               R. Stern and
               A. Felner},
  title     = {Suboptimal Variants of the Conflict-Based Search Algorithm for the
               Multi-Agent Pathfinding Problem},
  booktitle = {ECAI},
  pages     = {961--962},
  year      = {2014}
}




@article{bhatt,
  title={Distributed Optimization with Pairwise Constraints and its Application to Multi-robot Path Planning},
  author={S. Bhattacharya and  and V. Kumar and M. Likhachev},
  booktitle={Robotics: Science and Systems},
  pages={87--94},
  year={2010}}



@article{WagnerC15,
  author    = {G. Wagner and
               H. Choset},
  title     = {Subdimensional expansion for multirobot path planning},
  journal   = {Artif. Intell.},
  volume    = {219},
  pages     = {1--24},
  year      = {2015}
}




@article{ICTSJUR,
  author    = {G. Sharon and
               R. Stern and
               M. Goldenberg and
               A. Felner},
  title     = {The increasing cost tree search for optimal multi-agent
               pathfinding},
  journal   = {Artificial Intelligence},
  volume    = {195},
  year      = {2013},
  pages     = {470-495}
}

@article{ASTR68,
       author="P. E. Hart and N. J. Nilsson and B. Raphael",
       title="A formal basis for the heuristic determination of
          minimum cost paths",
       journal="IEEE Transactions on Systems Science and Cybernetics",
       volume="SCC-4(2)",
       pages="100-107",
       year=1968}


@article{CBSJUR,
  author    = {G. Sharon and
               R. Stern and
               A. Felner and
               N. R. Sturtevant},
  title     = {Conflict-based search for optimal multi-agent pathfinding},
  journal   = {Artif. Intell.},
  volume    = {219},
  pages     = {40--66},
  year      = {2015}
}


@article{stern2014potentialBased,
  author    = {Roni Stern and
               Ariel Felner and
               Jur van den Berg and
               Rami Puzis and
               Rajat Shah and
               Ken Goldberg},
  title     = {Potential-based bounded-cost search and Anytime Non-Parametric
               {A*}},
  journal   = {Artificial Intelligence},
  volume    = {214},
  year      = {2014},
  pages     = {1--25}
}



@inproceedings{roger2012non,
  title={Non-Optimal Multi-Agent Pathfinding is Solved (Since 1984).},
  author={G. R{\"o}ger and M. Helmert},
  booktitle={SOCS)},
  year={2012}
}

@inproceedings{sajid2012multi,
  title={Multi-Agent Pathfinding with Simultaneous Execution of Single-Agent Primitives},
  author={Sajid, Qandeel and Luna, Ryan and Bekris, Kostas},
  booktitle={SOCS},
  year={2012}
}


@inproceedings{luna2011efficient,
  title={Efficient and complete centralized multi-robot path planning},
  author={Luna, Ryan and Bekris, Kostas},
  booktitle={IROS},
  pages={3268--3275},
  year={2011},
}

%Proceedings not yet published
@inproceedings{bnaya2014icra,
  title={Conflict-Oriented Windowed Hierarchical Cooperative {A}*},
  author={Z. Bnaya and A. Felner},
  booktitle={(ICRA)},
  year={2014}
}

@inproceedings{bnaya2013multi,
  title={Multi-Agent Path Finding for Self Interested Agents},
  author={Bnaya, Zahy and Stern, Roni and Felner, Ariel and Zivan, Roie and Okamoto, Steven},
  booktitle={SOCS},
  year={2013}
}


@inproceedings{DBLP:conf/ijcai/Rintanen11,
  author    = {Jussi Rintanen},
  title     = {Planning with {SAT}, Admissible Heuristics and {A}*},
  booktitle = {IJCAI},
  year      = {2011},
  pages     = {2015-2020},
  ee        = {http://ijcai.org/papers11/Papers/IJCAI11-336.pdf},
}



@inproceedings{DBLP:conf/socs/KhorshidHS11,
   title={A polynomial-time algorithm for non-optimal multi-agent pathfinding},
  author={Khorshid, Mokhtar M. and Holte, Robert C. and Sturtevant, Nathan R.},
  booktitle={Symposium on Combinatorial Search (SOCS)},
  year={2011}
}


@inproceedings{DBLP:conf/aaai/LunaB11,
  author    = {Ryan Luna and
               Kostas E. Bekris},
  title     = {An Efficient and Complete Approach for Cooperative Path-Finding},
  booktitle = {AAAI},
  year      = {2011}
}

@inproceedings{DBLP:conf/wafr/GradyBK10,
  title={Asynchronous distributed motion planning with safety guarantees under second-order dynamics},
  author={Grady, Devin K. and Bekris, Kostas E. and Kavraki, Lydia E.},
  booktitle={Algorithmic foundations of robotics IX},
  pages={53--70},
  year={2011},
  publisher={Springer}
}

@inproceedings{DBLP:conf/atal/GilboaMF06,
  title={Distributed navigation in an unknown physical environment},
  author={Gilboa, Arnon and Meisels, Amnon and Felner, Ariel},
  booktitle={AAMAS},
  pages={553--560},
  year={2006}
}

@inproceedings{DBLP:conf/aaai/BergSHG11,
  title={{ANA}*: Anytime Nonparametric {A}*},
  author={van den Berg, Jur and Shah, Rajat and Huang, Arthur and Goldberg, Ken},
  booktitle={AAAI},
  year={2011}
}

@inproceedings{DBLP:conf/aaai/Korf97,
  title={Finding optimal solutions to {R}ubik's Cube using pattern databases},
  author={Korf, Richard E.},
  booktitle={AAAI/IAAI},
  pages={700--705},
  year={1997}
}


@article{DBLP:journals/ai/BonetG01,
   title={Planning as heuristic search},
  author={Bonet, Blai and Geffner, H{\'e}ctor},
  journal={Artificial Intelligence},
  volume={129},
  number={1},
  pages={5--33},
  year={2001},
  publisher={Elsevier}
}

@book{DBLP:books/sp/Helmert2008,
 title={Understanding planning tasks: domain complexity and heuristic decomposition},
  author={Helmert, Malte},
  volume={4929},
  year={2008},
  publisher={Springer}
}

@inproceedings{SturtevantB06,
  author    = {Nathan R. Sturtevant and
               Michael H. Bowling},
  title     = {Robust game play against unknown opponents},
  booktitle = {AAMAS},
  year      = {2006},
  pages     = {713-719},
}

@inproceedings{SturtevantZB06,
  author    = {Nathan R. Sturtevant and
               Martin Zinkevich and
               Michael H. Bowling},
  title     = {Prob-Maxn: Playing N-Player Games with Opponent Models},
  booktitle = {AAAI},
  year      = {2006},
}

@inproceedings{SturtevantJ07,
  author    = {N. Sturtevant and
               M. Jansen},
  title     = {An Analysis of Map-Based Abstraction and Refinement},
  booktitle = {SARA},
  year      = {2007},
  pages     = {344-358}
}


@inproceedings{Sturtevant04,
  author    = {Nathan R. Sturtevant},
  title     = {Current Challenges in Multi-player Game Search},
  booktitle = {Computers and Games},
  year      = {2004},
  pages     = {285-300},
}


@inproceedings{standley2011,
  title={Complete algorithms for cooperative pathfinding problems},
  author={StandlBarerSSF14ey, Trevor S. and Korf, Richard E.},
  booktitle={Proceedings of the Twenty-Second international joint conference on Artificial Intelligence-Volume Volume One},
  pages={668--673},
  year={2011},
  organization={AAAI Press}
}



@inproceedings{Sturtevant05,
  author    = {Nathan R. Sturtevant},
  title     = {Leaf-Value Tables for Pruning Non-Zero-Sum Games},
  booktitle = {IJCAI},
  year      = {2005},
  pages     = {317-323},
}

@article{BulitkoSLY07,
  author    = {Vadim Bulitko and
               Nathan R. Sturtevant and
               Jieshan Lu and
               Timothy Yau},
  title     = {Graph Abstraction in Real-time Heuristic Search},
  journal   = {Journal of Artificial Intelligence Research},
  volume    = {30},
  year      = {2007},
  pages     = {51-100},
}

@inproceedings{SturtevantBB10,
  author    = {Nathan R. Sturtevant and
               Vadim Bulitko and
               Yngvi Bj{\"o}rnsson},
  title     = {On learning in agent-centered search},
  booktitle = {AAMAS},
  year      = {2010},
  pages     = {333-340},
}

@inproceedings{Sturtevant07,
  author    = {Nathan R. Sturtevant},
  title     = {Memory-Efficient Abstractions for Pathfinding},
  booktitle = {Artificial Intelligence and Interactive Digital Entertainment (AIIDE)},
  year      = {2007},
  pages     = {31-36},
}

@inproceedings{SturtevantB05,
  author    = {Nathan R. Sturtevant and
               Michael Buro},
  title     = {Partial Pathfinding Using Map Abstraction and Refinement},
  booktitle = {AAAI},
  year      = {2005},
  pages     = {1392-1397},
}

@inproceedings{trees,
author = "E. Masehian and A.H. Nejad",
title = "Solvability of multi robot motion planning problems on trees.",
booktitle = "Intelligent Robots and Systems (IROS)",
year = 2009,
pages = "5936 - 5941"
}

@inproceedings{DBLP:conf/aiide/SturtevantG10,
  title={A Comparison of High-Level Approaches for Speeding Up Pathfinding},
  author={Sturtevant, Nathan R. and Geisberger, Robert},
  booktitle={Artificial Intelligence and Interactive Digital Entertainment (AIIDE)},
  year={2010}
}

@inproceedings{CH,
  author    = {Robert Geisberger and
               Peter Sanders and
               Dominik Schultes and
               Daniel Delling},
  title     = {Contraction Hierarchies: Faster and Simpler Hierarchical
               Routing in Road Networks},
  booktitle = {WEA},
  year      = {2008},
  pages     = {319-333}
}


@ARTICLE{Tomlin98conflictresolution,
    author = {Claire Tomlin and George J. Pappas and Shankar Sastry},
    title = {Conflict Resolution for Air Traffic Management: a Study in Multi-Agent Hybrid Systems},
    journal = {IEEE Transactions on Automatic Control},
    year = {1998},
    volume = {43},
    pages = {509--521}
}

@MISC{Rock00randomizedkinodynamic,
    author = {Kindel Rock and Robert Kindel and Jean-Claude Latombe and Stephen Rock and David Hsu and Robert Jean-claude and Latombe Stephen},
    title = {Randomized Kinodynamic Motion Planning with Moving Obstacles},
    year = {2000}
}


@INPROCEEDINGS{Ng01predictinginternet,
    author = {T. S. Eugene Ng and Hui Zhang},
    title = {Predicting Internet Network Distance with Coordinates-Based Approaches},
    booktitle = {In INFOCOM},
    year = {2001},
    pages = {170--179}
}


@inproceedings{sturtevantburo,
    author  =  {Nathan R. Sturtevant and Michael Buro},
  title={Improving Collaborative Pathfinding Using Map Abstraction.},
  booktitle={AIIDE},
  pages={80--85},
  year={2006},
}

@inproceedings{DBLP:conf/aaai/FelnerMSS10,
  author    = {A. Felner and
               C. Moldenhauer and
               N. R. Sturtevant and
               J. Schaeffer},
  title     = {Single-Frontier Bidirectional Search},
  booktitle = {AAAI},
  year      = {2010}
}


@inproceedings{Protal2010,
  author    = {M. Goldenberg and
               A. Felner and
               N. R. Sturtevant and
               J. Schaeffer},
  title     = {Portal-Based True-Distance Heuristics for Path Finding},
  booktitle = {Symposium on Combinatorial Search (SOCS)},
  year      = {2010}
}

@inproceedings{DBLP:conf/aips/ThayerR08,
  author    = {J. Tyler Thayer and
               W. Ruml},
  title     = {Faster than Weighted A*: An Optimistic Approach to Bounded
               Suboptimal Search},
  booktitle = {ICAPS},
  year      = {2008},
  pages     = {355-362}
}


@inproceedings{DBLP:conf/aips/ThayerR09,
  author    = {J. Tyler Thayer and
               W. Ruml},
  title     = {Using Distance Estimates in Heuristic Search},
  booktitle = {ICAPS},
  year      = {2009}
}

@inproceedings{DBLP:conf/aips/RichterTR10,
  author    = {Silvia Richter and
               Jordan Tyler Thayer and
               Wheeler Ruml},
  title     = {The Joy of Forgetting: Faster Anytime Search via Restarting},
  booktitle = {ICAPS},
  year      = {2010},
  pages     = {137-144}
}



@inproceedings{DBLP:conf/iccad/SrinivasanKMB90,
 author={Srinivasan, Arvind and Ham, Timothy and Malik, Sharad and Brayton, Robert K.},
  title     = {Algorithms for Discrete Function Manipulation},
  booktitle = {(ICCAD},
  year      = {1990},
  pages     = {92-95}
}

@inproceedings{DBLP:conf/aaai/LarsenBRH10,
  author    = {B. Larsen and
               E. Burns and
               W. Ruml and
               R. Holte},
  title     = {Searching Without a Heuristic: Efficient Use of Abstraction},
  booktitle = {AAAI},
  year      = {2010}
}


@inproceedings{DBLP:conf/aaai/PochterZRF10,
  author    = {N. Pochter and
               A. Zohar and
               J. S. Rosenschein and
               A. Felner},
  title     = {Search Space Reduction Using Swamp Hierarchies},
  booktitle = {AAAI},
  year      = {2010}
}



@inproceedings{DBLP:conf/sara/AndersonHS07,
  author    = {K. Anderson and
               R. Holte and
               J. Schaeffer},
  title     = {Partial Pattern Databases},
  booktitle = {SARA},
  year      = {2007},
  pages     = {20-34}
}




@inproceedings{GoldbergH05,
  author    = {Andrew V. Goldberg and
               Chris Harrelson},
  title     = {Computing the shortest path: A* search meets graph
               theory},
  booktitle = {SODA},
  year      = {2005},
  pages     = {156-165}
}



@inproceedings{jansen2008directionMaps,
  author    = {M. Jansen and
               N. Sturtevant},
  title     = {Direction Maps for Cooperative Pathfinding},
  booktitle = {Artificial Intelligence and Interactive Digital Entertainment (AIIDE)},
  year      = {2008}
}

@inproceedings{jansen2008aNewApproach,
  title={A new approach to cooperative pathfinding},
  author={Jansen, Renee and Sturtevant, Nathan R.},
  booktitle={AAMAS},
  pages={1401--1404},
  year={2008},
}

@inproceedings{silver2005cooperative,
  title={Cooperative Pathfinding},
  author={Silver, David},
  booktitle={Artificial Intelligence and Interactive Digital Entertainment (AIIDE)},
  pages={117--122},
  year={2005}
}

@inproceedings{silverbook,
author = {David Silver},
title = {Cooperative Pathfinding},
booktitle = {AI Game Programming Wisdom 3},
year = {2006},
}

@inproceedings{WangB08,
  title={Fast and Memory-Efficient Multi-Agent Pathfinding.},
  author={Wang, Ko-Hsin Cindy and Botea, Adi},
  booktitle={ICAPS},
  pages={380--387},
  year={2008}
}


@inproceedings{WangB09,
  author    = {Ko-Hsin Cindy Wang and
               Adi Botea},
  title     = {Tractable Multi-Agent Path Planning on Grid Maps},
  booktitle = {IJCAI},
  year      = {2009},
  pages     = {1870-1875}
}



@article{ryan2008exploiting,
   title={Exploiting Subgraph Structure in Multi-Robot Path Planning},
  author={M. Ryan},
  journal={JAIR},
  volume={31},
  pages={497--542},
  year={2008}
   }

@inproceedings{DBLP:conf/icra/Ryan10,
   title={Constraint-based multi-robot path planning},
  author={M. Ryan},
  booktitle={ICRA},
  pages={922--928},
  year={2010},
}

@inproceedings{DBLP:conf/aips/DomshlakKL10,
  author    = {Carmel Domshlak and
               Michael Katz and
               Sagi Lefler},
  title     = {When Abstractions Met Landmarks},
  booktitle = {ICAPS},
  year      = {2010},
  pages     = {50-56}
}

@inproceedings{DBLP:conf/aips/HelmertD09,
  author    = {Malte Helmert and
               Carmel Domshlak},
  title     = {Landmarks, Critical Paths and Abstractions: What's the Difference
               Anyway?},
  booktitle = {ICAPS},
  year      = {2009}
}

@inproceedings{DBLP:conf/aips/KatzD09,
  author    = {Michael Katz and
               Carmel Domshlak},
  title     = {Structural-Pattern Databases},
  booktitle = {ICAPS},
  year      = {2009}
}


@inproceedings{DBLP:conf/aips/KatzD08,
  author    = {Michael Katz and
               Carmel Domshlak},
  title     = {Structural Patterns Heuristics via Fork Decomposition},
  booktitle = {ICAPS},
  year      = {2008},
  pages     = {182-189}
}


@inproceedings{DBLP:conf/aips/BallH08,
  author    = {Marcel Ball and
               Robert C. Holte},
  title     = {The Compression Power of Symbolic Pattern Databases},
  booktitle = {ICAPS},
  year      = {2008},
  pages     = {2-11}
}

@inproceedings{Korf2009,
  author    = {Richard E. Korf},
  title     = {Multi-Way Number Partitioning},
  booktitle = {IJCAI},
  year      = {2009},
  pages     = {538-543}
  }


@inproceedings{DBLP:conf/ijcai/StandleyK11,
  author    = {Trevor S. Standley and
               Richard E. Korf},
  title     = {Complete Algorithms for Cooperative Pathfinding Problems},
  booktitle = {IJCAI},
  year      = {2011},
  pages     = {668-673}
}


@article{DBLP:journals/ras/BennewitzBT02,
 title={Finding and optimizing solvable priority schemes for decoupled path planning techniques for teams of mobile robots},
  author={Bennewitz, Maren and Burgard, Wolfram and Thrun, Sebastian},
  journal={Robotics and autonomous systems},
  volume={41},
  number={2},
  pages={89--99},
  year={2002},
  publisher={Elsevier}
}

@article{DBLP:journals/trob/PallottinoSBF07,
 title={Decentralized cooperative policy for conflict resolution in multivehicle systems},
  author={Pallottino, Lucia and Scordio, Vincenzo Giovanni and Bicchi, Antonio and Frazzoli, Emilio},
  journal={Robotics},
  volume={23},
  number={6},
  pages={1170--1183},
  year={2007},
  publisher={IEEE}
}

@article{DBLP:journals/aim/KitanoT01,
  author    = {Hiroaki Kitano and
               Satoshi Tadokoro},
  title     = {RoboCup Rescue: A Grand Challenge for Multiagent and Intelligent
               Systems},
  journal   = {AI Magazine},
  volume    = {22},
  number    = {1},
  year      = {2001},
  pages     = {39-52},
  bibsource = {DBLP, http://dblp.uni-trier.de}
}


@inproceedings{wang2009tractableMultiagent,
 author = {Wang, K. C. and Botea, A.},
 title = {Tractable multi-agent path planning on grid maps},
 booktitle = {IJCAI'09: Proceedings of the 21st international jont conference on Artifical intelligence},
 year = {2009},
 pages = {1870--1875},
 location = {Pasadena, California, USA},
 address = {San Francisco, CA, USA},
 }

@Article{dresner2008aMultiagent,
  title={A Multiagent Approach to Autonomous Intersection Management},
  author={Dresner, Kurt M. and Stone, Peter},
  journal={JAIR},
  volume={31},
  pages={591--656},
  year={2008}
}

@BOOK{nilsson98,
  AUTHOR = "Nils Nilsson",
  TITLE = "Artificial Intelligence: A New Synthesis",
  PUBLISHER = "Morgan Kaufmann",
  YEAR = 1998
}

@inproceedings{zhouhansen,
  AUTHOR = "R. Zhou and E. A. Hansen",
  TITLE = "Memory-Bounded {A*} Graph Search",
  booktitle = "Florida Artificial Intelligence Research Society (FLAIRS-02)",
  YEAR = 2002,
  PAGES = "203-209"
}

@inproceedings{SamadiECAI08,
  author    = {M. Samadi and
               M. Siabani and
               A. Felner and
               R.C. Holte},
  title     = {Compressing Pattern Databases using Learning},
  booktitle = {European Conference on Artificial Intelligence (ECAI-08)},
  year      = {2008},
  pages     = {495 - 499},
}

@inproceedings{BallH08,
    author = "M. Ball and R.C. Holte",
    title = "The Compression Power of Symbolic Pattern Databases ",
    booktitle = "International Conference on Automated Planning and Scheduling (ICAPS-08)",
    pages = "2-11",
    year = "2008"
}


@article{Champeaux83,
  author    = {Dennis de Champeaux},
  title     = {Bidirectional Heuristic Search Again},
  journal   = {J. ACM},
  volume    = {30},
  number    = {1},
  year      = {1983},
  pages     = {22-32},
  ee        = {db/journals/jacm/Champeaux83.html, http://doi.acm.org/10.1145/322358.322360},
  bibsource = {DBLP, http://dblp.uni-trier.de}
}


@article{Pohl71,
  author    = {Ira Pohl},
  title     = {B-directional search},
  journal   = {Machine intelligence},
  volume    = {6},
  year      = {1971},
  pages     = {127-140},
}

@book{slocum,
     author="Jerry Slocum and Dic Sonneveld",
     title="The 15 Puzzle",
     publisher="Slocum Puzzle Foundation",
     year=2006}

@article{DBLP:journals/ai/Pohl70,
  author    = {Ira Pohl},
  title     = {Heuristic Search Viewed as Path Finding in a Graph},
  journal   = {Artificial Intelligence},
  volume    = {1},
  number    = {3},
  year      = {1970},
  pages     = {193-204},
  bibsource = {DBLP, http://dblp.uni-trier.de}
}



@article{Pohl77,
  author    = {Ira Pohl},
  title     = {Practical and theoretical considerations in heuristic
search algorithms},
  journal   = {Machine intelligence},
  volume    = {8},
  year      = {1977},
  pages     = {55-72},
}


@article{KBFS03,
        author="A. Felner and S. Kraus and R. E. Korf",
        title="{KBFS}: K-Best First Search",
        journal= "Annals of Mathematics and Artificial Intelligence",
        volume= 39,
    pages= "19--39",
        year=2003}

@article{NEWGPP,
         author="A. Felner",
         title="Solving the Graph-Partitioning Problem with Heuristic Search",
         journal= "Annals of Mathematics and Artificial Intelligence",
         volume= 67,
     pages= "19--39",
         year=2006}



@inproceedings{ICAPS04,
        author="R. C. Holte and  J. Newton and  A. Felner and R. Meshulam and D. Furcy",
        title="Multiple pattern databases",
        booktitle= "International Conference on Automated Planning and Scheduling (ICAPS-04)",
        pages= "122--131",
        year=2004
}

@article{AIJMAXING,
         author="R. C. Holte and A. Felner and  J. Newton and  R. Meshulam and  D. Furcy",
         title="Maximizing over Multiple Pattern Databases Speeds up Heuristic Search",
         journal= "Artificial Intelligence",
         volume= 170,
     pages= "1123--1136",
         year=2006}


@inproceedings{DDD03,
        author="R. E. Korf",
        title="Delayed Duplicate Detection",
        booktitle="International Joint Conference on Artificial Intelligence (IJCAI-03)",
        pages= "1539--1541",
    note="Extended abstract",
        year=2003
}

@techreport{robistvan04,
  AUTHOR = "R. C. Holte and Istvan T. Hern{\'a}dv{\"o}lgyi",
        title="Steps Towards the Automatic Creation of Search Heuristics",
        institution="Computing Science Department, University of Alberta",
        address="Edmonton, Canada T6G 2E8",
        number="TR04-02",
        year=2004}



@techreport{ALBET73,
       author="S. H. Fuller and J. G. Gasching and J. J. Gillogly",
       title="An analysis of the alpha-beta pruning algorithm",
       institution="Department of Computer Science",
       address="Carnegie-Mellon University, Pittsburgh, Pa",
      year=1973}

@article{ABS93,
       author="A. E. Prieditis",
       title="Machine discovery of effective admissible heuristics",
       journal="Machine Learning",
       volume=12,
       pages="117-141",
       year=1993}


@article{PERL83,
       author="R. Karp and J. Pearl",
       title="Searching for an optimal path in a tree with random costs",
       journal="Artificial Intelligence",
       volume="21(1--2)",
       pages="99-116",
       year=1983}


@article{Patrick92,
       author="B. Patrick and M. Amulla and M. Newborn",
       title="An upper bound on the time complexity of iteratively-deepening {A}*",
       journal="International Journal of Artificial Intelligence and Mathematics",
       volume="5",
       pages="265--277",
       year=1992}

@article{DOWDY82,
       author="L. W. Dowdy and D. V. Foster",
       title="Comparative models of the file assignment problem",
       journal="Computing Survey",
       volume="14(2)",
       pages="289-313",
       year=1982}

@book{DEEPBLUE,
     author="Feng-Hsiung Hsu",
     title="Behind Deep Blue: Building the Computer that Defeated the World",
     publisher="Princeton University Press",
     year=2002}

@book{ARTIF2002,
     author="S. Russell and P. Norvig",
     title="Artificial Intelligence, A Modern Approach, Second Edition",
     publisher="Prentice Hall",
     pages="97--99",
     year=2005}

@book{ARTIF2010,
     author="S. Russell and P. Norvig",
     title="Artificial Intelligence, A Modern Approach, Third Edition",
     publisher="Prentice Hall",
     year=2010}

@book{ARTIF95,
     author="S. Russell and P. Norvig",
     title="Artificial Intelligence, A Modern Approach",
     publisher="Prentice Hall",
     pages="111-112",
     year=1995}

@book{PAPA80,
     author="C. H. Papapdimitriou  and K. Steiglitz",
     title="Combinatorial Optimization: Algorithms and Complexity",
     publisher="Prentice Hall",
     year=1980}


@inproceedings{BreyerKorfSTAIR,
   author="Teresa Breyer and R. E. Korf",
       title="Recent Results in Analyzing the Performance of Heuristic Search",
       booktitle="International Workshop on Search in Artificial Intelligence and Robotics (held in conjunction with AAAI)",
       year= 2008}

@inproceedings{DinhRussellSuAAAI,
   author="Hang T. Dinh and Alexander Russell and Yuan Su",
       title="On the Value of Good Advice: The Complexity of {A}* Search with Accurate Heuristics",
       booktitle="National Conference on Artificial Intelligence (AAAI-07)",
       pages="1140--1145",
       year= 2007}

@inproceedings{SARIT97,
   author="R. Schwartz and S. Kraus",
       title="Negotiation on data allocation in multi-agent environments",
       booktitle="National Conference on Artificial Intelligence (AAAI-97)",
       pages="29--35",
       year= 1997}

@inproceedings{SARA05,
   author="A. Felner and A. Adler",
       title="Solving the 24-Puzzle with Instance Dependent Pattern databases",
       booktitle="SARA-05",
       pages="248--260",
       year= 2005}


@inproceedings{DUP93,
   author="L. Taylor and R. E. Korf",
       title="Pruning duplicate nodes in depth-first search",
       booktitle="National Conference on Artificial Intelligence",
       pages="756--761",
       year= 1993}

@inproceedings{JUN99,
   author="A. Junghanns and J. Schaeffer",
       title="Domain-dependent single-agent search enhancements",
       booktitle="International Joint Conference on Artificial Intelligence (IJCAI-99)",
       pages="570--575",
       year= 1999}


@inproceedings{PROV91,
   author="C. J. H. MacDiarmid and G. M. A. Provan",
       title="An expected cost analysis of backtracking and
         non-backtracking algorithms",
       booktitle="International Joint Conference on Artificial Intelligence (IJCAI-91)",
       pages="173-177 ",
       year= 1991}

@article{DIJ59,
       author="E. W. Dijkstra",
       title="A note on two problems in connexion with graphs",
       journal="{\it Numerische Mathematik}",
       volume="1",
       pages="269-271",
       year=1959}

@article{ASTR85,
       title={Generalized best-first search strategies and the optimality of {A}*},
  author={Dechter, Rina and Pearl, Judea},
  journal={J-ACM)},
  volume={32},
  number={3},
  pages={505--536},
  year={1985},
  publisher={ACM}
}

@article{ASTR68,
        title={A formal basis for the heuristic determination of minimum cost paths},
  author={Hart, Peter E. and Nilsson, Nils J. and Raphael, Bertram},
  journal={Systems Science and Cybernetics},
  volume={4},
  number={2},
  pages={100--107},
  year={1968},
  publisher={IEEE}
}

@inproceedings{LDS95,
   author="W. D. Harvey and M. L. Ginsberg",
       title="Limited discrepancy search",
       booktitle="International Joint Conference on Artificial Intelligence (IJCAI-95)",
       pages="607--613 ",
       year=1995
}

@inproceedings{OPT24,
  title={Finding optimal solutions to the twenty-four puzzle},
  author={Korf, Richard E. and Taylor, Larry A.},
  booktitle={AAAI},
  pages={1202--1207},
  year={1996}
}

@inproceedings{CRESUS95,
   author="P. Shell and J. A. H. Rubio and G. Q. Barro",
       title="Improving search through diversity",
       booktitle="National Conference on Artificial Intelligence (AAAI-94)",
       pages="1323-1328",
       year=1994
}

@inproceedings{DFVBF,
   author="W. Zhang and R. E. Korf",
       title="Depth-first vs. best-first search: New Results",
       booktitle="National Conference on Artificial Intelligence (AAAI-93)",
       pages="769-775",
       year= 1993}

@inproceedings{ILDS96,
   author="R. E. Korf",
       title="Improved limited discrepancy search",
       booktitle="National Conference on Artificial Intelligence (AAAI-96)",
       pages="286-291",
       year= 1996}

@inproceedings{DBLP:conf/aaai/KorfS05,
  author    = {R. E. Korf and
               Peter Schultze},
  title     = {Large-Scale Parallel Breadth-First Search},
       booktitle="National Conference on Artificial Intelligence (AAAI-05)",
  year      = {2005},
  pages     = {1380-1385},
  bibsource = {DBLP, http://dblp.uni-trier.de}
}


@inproceedings{KORFAAAI05,
   author="R. E. Korf and P. Schultze",
       title="Large scale parallel breadth first search",
       booktitle="National Conference on Artificial Intelligence (AAAI-05)",
       pages="1380--1385",
       year= 2005}

@inproceedings{DBLDS97,
   author="Toby Walsh",
       title="Depth-bounded discrepancy search",
       booktitle="International Joint Conference on Artificial Intelligence (IJCAI-97)",
       pages="1388-1393",
       year= 1997}

@article{GEN59,
   author="R. Friedberg and B. Dunham and T. North",
       title="A learning machine",
       journal="IBM Journal of Research and Development",
       volume=3,
       pages="282-287",
       year=1959}


@article{SIM83,
   author="S. Kirkpatrick and C. D. Gelatt and M. Vecshi",
       title="Optimization by simulated annealing",
       journal="Science",
       volume=220,
       pages="671-680",
       year=1993}

@article{PDFS93,
   author="V. N. Rao and V. Kumar",
       title="On the efficiency of parallel backtracking",
       journal="IEEE Transactions on parallel and distributed systems",
       volume= 4,
       pages="427--437",
       year=1993}

@article{BFSMIN96,
   author="R. E. Korf and D. M. Chickering",
       title="Best-first minimax search",
       journal="Artificial intelligence",
       volume= "84(1-2)",
       pages="299-337",
       year=1996}



@article{JAIRPDB,
   author="A. Felner and R. E. Korf and S. Hanan",
       title="Additive pattern database heuristics",
       journal="Journal of Artificial Intelligence Research",
       volume= 22,
       pages="279--318",
       year = 2004
   }


@article{PHAJUR,
   author="A. Felner and R. Stern and A. Ben-Yair and S. Kraus
         and N. Netanyahu",
       title="PH{A}*: Finding the Shortest Path with  {A}* in Unknown Physical Environments",
       journal="Journal of Artificial Intelligence Research",
       volume= 21,
       pages="631-679",
       year=2004
   }

@article{ROBOTS04,
        author="W. Burgard and M. Moors and C. Stachniss and F. Schneider",
        title="Coordinated Multi-Robot Exploration",
        journal="IEEE Transactions on Robotics",
        year=2005}

@inproceedings{CSABA2004,
   author="C. Szepesvri",
       title="Shortest Path Discovery Problems: A Framework, Algorithms and Experimental Results",
       booktitle="National Conference on Artificial Intelligence (AAAI-04)",
       pages="550--555",
       year= 2004}



@ARTICLE{Koen:03,
 AUTHOR = "S. Koenig and Y. Smirnov and C. Tovey",
 TITLE = "Performance Bounds for Planning in Unknown Terrain",
 JOURNAL = "Artificial Intelligence",
 VOLUME = "147",
 NUMBER= "1-2",
 PAGES = "253-279",
 YEAR = "2003"
 }


@article{LPJUR,
   author="A. Felner and Y. Shoshani and Yaniv Altshuler and F. Bruckstein",
       title="Multi-agent Physical {A}* with Large Pheromones",
       journal="Journal of Autonomous Agents and Multi-Agent Systems",
       volume= "12(1)",
       pages="3--34",
       year="2006"
}

@inproceedings{FASTR2001,
   author="R. E. Korf and W. Zhang",
       title="Divide-and-conquer frontier search applied to optimal sequence alignment,",
       booktitle="National Conference on Artificial Intelligence (AAAI-00)",
       pages="910--916",
       year= 2000}

@inproceedings{DBLP:conf/ijcai/StickelT85,
  author    = {Mark E. Stickel and
               Mabry Tyson},
  title     = {An Analysis of Consecutively Bounded Depth-First Search
               with Applications in Automated Deduction},
       booktitle="International Joint Conference on Artificial Intelligence (IJCAI-85)",
  year      = {1985},
  pages     = {1073-1075},
  bibsource = {DBLP, http://dblp.uni-trier.de}
}



@article{reve,
   author="A. van de Liefvoort",
       title="An iterative algorithm for the {R}eve's Puzzle",
       journal="The Computer Journal",
       volume= "35(1)",
       pages = "91--92",
       year=1992
   }

@article{GM83,
   author="D. S. Nau",
       title="Pathology on game trees revisited, and an alternative to
minimaxing",
       journal="Artificial intelligence",
       volume= "21(1--2)",
       pages = "221-144",
       year=1983
   }


@inproceedings{KORAAAI00,
   author="R. E. Korf",
       title="Recent progress in the design and analysis of
         admissible heuristic functions",
       booktitle="National Conference on Artificial Intelligence (AAAI-00)",
       pages="1165-1170",
       year=2000}


@article{KEN2007,
   author="K. Anderson and J. Schaeffer and R. C. Holte",
       title="Partial Pattern Databases",
       journal="SARA-07",
       pages="128--129",
         year=2007}

@article{ALBE75,
   author="D. E. Knuth and R. E. Moore ",
       title="An analysis of alpha-beta pruning",
       journal="Artificial Intelligence",
       volume= 6,
       pages="293-326",
       year=1975}

@article{PRA95,
   author="M. Evett and J. Hendler and A. Mahanti and D.S. Nau",
       title="{PRA}*: Massively Parallel Heuristic Search",
       journal="Journal of Parallel and Distributed Computing",
       volume= "25(2)",
       pages="92-103",
       year=1995}

@article{PIDA91,
   author="C. Powley and R. E. Korf",
       title="Single-agent parallel window search",
       journal="IEEE Transactions on Pattern Analysis and Machine
Intelligence",
       volume=13,
       number=5,
   pages="466-477",
       year=1991}

@article{IDPS91,
      author="A. Mahanti and C. J. Daniels",
      title="A SIMD approach to parallel heuristic search",
      journal="Artificial Intelligence",
      volume="60(2)",
      pages="243-282",
      year=1993}

@inproceedings{ILDFS97,
   author="Pedro Meseguer",
       title="Interleaved Depth-First Search ",
       booktitle="International Joint Conference on Artificial Intelligence (IJCAI-97)",
       pages="1382--1387 ",
       year=1997}

@article{HANS92,
   author="O. Hansson and A. Mayer and M. Yung",
       title="Criticizing solutions to relaxed models yields
         powerful admissible heuristics",
       journal="Information Sciences",
   volume="63(3)",
       pages="207-227",
       year=1992}


@article{BFID85,
  title={Depth-first iterative-deepening: An optimal admissible tree search},
  author={Korf, Richard E.},
  journal={Artificial intelligence},
  volume={27},
  number={1},
  pages={97--109},
  year={1985},
  publisher={Elsevier}
}


@inproceedings{KOR94,
   author="R. E. Korf and W. Zhang",
       title=" Incremental random search trees",
       booktitle="AAAI-94 Workshop on Experimental Evaluation of Reasoning and Search Methods ",
       pages="15-18",
       year= 1994
}

@inproceedings{KOR97,
   author="R. E. Korf",
       title="Finding optimal solutions to {R}ubik's Cube using pattern databases",
       booktitle="National Conference on Artificial Intelligence (AAAI-97)",
       pages="700--705",
       year= 1997
}

@inproceedings{KOR294,
   author="R. E. Korf and J. Pemberton",
       title= "Incremental search algorithms for real-time decision
making",
       booktitle="International Conference on Planning",
       pages="140-145",
       year= 1994
}

@inproceedings{PUZ1566,
   author="J. E. Doran and D. Michie",
       title= "Experiments with the graph traverser program",
       booktitle="Proceedings of the Royal Society A",
       pages="235-259",
       volume=294,
       year= 1966}

@article{PUZ15A89,
   author="H. W. Davis and A. Bramanti-Gregor and J. Wang",
       title="The advantages of using depth and breadth components in
heuristic
search ",
       journal="Methodologies for Intelligent systems 3",
       editor= "Z.W. Ras and L. Saitta",
       pages="19-28",
       year=1989
}

@inproceedings{NPC86,
  title={The (< i> n</i>< sup> 2</sup>- 1)-puzzle and related relocation problems},
  author={Ratner, Daniel and Warmuth, Manfred},
  journal={Journal of Symbolic Computation},
  volume={10},
  number={2},
  pages={111--137},
  year={1990},
  publisher={Elsevier}
}

@inproceedings{DBLP:conf/aaai/SternKFH10,
  author    = {Roni Stern and
               Tamar Kulberis and
               Ariel Felner and
               Robert Holte},
  title     = {Using Lookaheads with Optimal Best-First Search},
  booktitle = {AAAI},
  year      = {2010}
}



@inproceedings{MREC89,
   author="A. Sen and A. Bagchi",
       title="Fast recursive formulations for best-first search that
         allow controlled use of memory",
       booktitle="International Joint Conference on Artificial Intelligence (IJCAI-89)",
       pages="297-302",
       year= 1989
}

@mastersthesis{Bir93,
       author="L. Biran",
       title="The Parallel State Execution Model",
       school="Department of Mathematics, Bar-Ilan university",
       address="Israel",
       year=1993}

@article{RBFS93,
   author="R. E. Korf",
       title=" Linear-space best-first search",
       journal="Artificial Intelligence",
       volume="62(1)",
       pages="41--78",
       year= 1993}



@article{KOR95,
   author="W. Zhang and R. E. Korf",
       title="Performance of linear-space search algorithms",
       journal="Artificial Intelligence  ",
       volume=79,
       pages="241-292 ",
       year= 1995}

@article{BSTR79,
   author="H. J. Berliner",
       title="The B* tree search algorithm: A best-first proof procedure",
       journal=" Artificial Intelligence",
       volume=12,
       pages="23-40",
       year=1979}


@book{garey+johnson,
   author="Garey, M.R. and D.S. Johnson",
       title="Computers and
Intractability: A Guide to the Theory of NP-Completeness",
       publisher="W.H. Freeman",
       address="New York",
   year=1979}

@book{papadimitriou,
   author="C. H. Papadimitriou and K. Steiglitz",
       title="Combinatorial Optimization: Algorithms and Complexity",
       publisher="Prentice-Hall",
       address="Englewood Cliffs, N.J.",
   year=1982}

@book{SCOUTSTR84,
   author="J. Pearl",
       title="Heuristics",
       publisher="Addison-Wesley",
       address="Reading Mass",
   year=1984}

@article {hansson,
author = "O. Hansson and A. Mayer and M. Yung",
title = "Criticizing solutions to
relaxed models yields powerful admissible heuristics",
journal = "Information Sciences",
volume = "63",
number = "3",
year = "1992",
pages = "207-227"}

@article {analysis,
author = "R. E. Korf and M. Reid and S. Edelkamp",
title = "Time complexity of
Iterative-Deepening-{A}*",
journal = "Artificial Intelligence",
volume = "129",
number = "1--2",
year = "2001",
pages = "199--218"}

@inproceedings{ijcai99,
       author="R. E. Korf",
       title="Divide-and-conquer bidirectional search: First results",
       booktitle="International Joint Conference on Artificial Intelligence (IJCAI-99)",
       pages="1184--1189",
       year= "1999"
}

@article{SSSTR79,
   author="G. Stockman",
       title="A minimax algorithm better than alpha-beta?",
       journal="Artificial Intelligence",
       volume=12,
       pages="179-196",
       year=1979}

@article{TABU89,
   author="F. Glover",
       title="Tabu search",
       journal="ORSA Journal of computing 1(3)",
       pages="190-206",
       year=1989}

@article{IE92,
   author="S. J. Russell",
       title="Efficient memory-bounded search methods",
       journal="Proc of ECAI-92",
       year= 1992
}

@article{KAINDL97,
    author="H. Kaindl and G. Kainz",
        title="Bidirectional heuristic search reconsidered",
        journal="Journal of Artificial Intelligence Research",
        volume=7,
        pages="283--317",
        year= 1997}

@article{KAINDL97short,
    author="H. Kaindl and G. Kainz",
        title="Bidirectional heuristic search reconsidered",
        journal="Journal of Artificial Intelligence Research",
        volume=7,
        pages="283--317",
        year= 1997}

@inproceedings{SMASTR94,
   author="H. Kaindl and A. Khorsand",
       title="Memory-bounded bidirectional search",
       booktitle="National Conference on Artificial Intelligence (AAAI-94)",
       pages="1359-1364",
       year= 1994}

@article{MASTR89,
   author="P. P. Chakrabarti and S. Ghose and A. Acharya and
         S. C. de Sarkar",
       title=" Heuristic search in restricted memory",
       journal="Artificial Intelligence",
       volume="41(2)",
       pages="197-221",
       year= 1989}


@article{HuynDechterPearlAIJ,
  author    = {Nam Huyn and
               Rina Dechter and
               Judea Pearl},
  title     = {Probabilistic Analysis of the Complexity of {A}*},
  journal   = {Artificial Intelligence},
  volume    = {15},
  number    = {3},
  year      = {1980},
  pages     = {241-254},
  bibsource = {DBLP, http://dblp.uni-trier.de}
}



@article{SenBagchiZhangAIJ,
   author="Anup K. Sen and A. Bagchi and Weixiong Zhang",
       title="Average-case analysis of best-first search in two representative directed acyclic graphs",
       journal="Artificial Intelligence",
       volume="155(1-2)",
       pages="183-206",
       year= 2004}



@article{MYMSCTHESIS,
       author="A. Felner",
       title="Searching for alternative plan, {MSc} thesis",
       journal="Department of Computer Science, Hebrew University, Jerusalem,
                        Israel,available at http://www.cs.biu.ac.il/\~felner",
       year=1995}

@inproceedings{Stephen91,
  author    = {Stephen V. Chenoweth and
               Henry W. Davis},
  title     = {High-Performance {A}* Search Using Rapidly Growing Heuristics},
       booktitle="International Joint Conference on Artificial Intelligence (IJCAI-91)",
  year      = {1991},
  pages     = {198-203},
  bibsource = {DBLP, http://dblp.uni-trier.de}
}


@phdthesis{Gaschnig79,
       author="J. Gaschnig",
       title="Gaschnig, J. Performance Measurement and Analysis of Certain Search Algorithms. Ph.D. Dissertation",
       school="Carnegie-Mellon University",
       address="",
       year=1979}

@phdthesis{FELNER02,
       author="A. Felner",
       title="Improving search techniques and using them on different
         environments, {Ph.D} thesis",
       school="Department of Computer Science, Bar-Ilan University",
       address="Ramat-Gan, Israel, available at http://www.ise.bgu.ac.il/facutly/felner",
       year=2002}

@phdthesis{WASTR79,
       author="J.  Gasching",
       title="Performance measurement and analysis of certain search algorithms",
       school="Department of Computer Science, Carnegie-Mellon University",
       address="Pittsburgh Pa",
       year=1979}

@article{WASTR89,
   author="H. W. Davis and A. Bramanti-Gregor and J. Wang",
       title="The advantages of using depth and breadth components
         in heuristic search ",
       journal="Methodologies for Intelligent systems 3",
       editor= "Z.W. Ras and L. Saitta",
       pages="19-28",
       year=1989,
       address="North-Holland, Amsterdam"}

@techreport{Den73,
       author="J. B. Dennis",
       title="First Version of a Data-flow Procedure Language",
       institution="MIT lab. for Computer Science",
       address="Cambridge, MA 02139",
       journal="MAC Technical Memorandum",
       number=61,
       month="August",
       year=1973}


@article{WASTR70,
       author="Ira Pohl",
       title= "Heuristic search viewed as path finding in a graph",
       journal="Artificial Intelligence",
       volume=1,
       pages="193-204",
       year= 1970}

@inproceedings{WASTR73,
       author="Ira Pohl",
       title="The avoidance of (relative) catastrophe, heuristic
         competence, genuine dynamic
                weighting and computational issues in heuristic
         problem solving",
       booktitle="IJCAI",
       pages="12-17",
       year= 1973
}

@inproceedings{SCHOP87,
       author="M. J. Schopers",
       title="Universal plans for reactive robots in unpredictable environments.",
       booktitle="International Joint Conference on Artificial Intelligence (IJCAI-87)",
       pages="1039-1046",
       year= 1987
}

@inproceedings{PENGI87,
       author="P. E. Agre and D. Chapman",
       title="Pengi: an implementation of a theory of activity",
       booktitle="International Joint Conference on Artificial Intelligence (IJCAI-87)",
       pages="268--272",
       year= 1987
}

@article{PLANEX72,
       author="R. E. Fikes, P. E. Hart and N. J. Nilsson",
       title= " Learning and executing generalized robot plans.",
       journal= "Artificial Intelligence",
       volume="3(4)",
       pages="189-208",
       year= 1972}

@article{NASL78,
       author="D. McDermott",
       title= "Planning and acting",
       journal= "Cognitive Science",
       volume="2(2)",
       pages="72-109",
       year= 1978}

@article{PAT96,
       author="J. C. Cullberson and J. Schaeffer",
       title= "Pattern databases",
       journal= "Computational Intelligence",
   volume="14(3)",
      pages="318-334",
      year= 1998}

@inproceedings{IPEM88,
       author="J. Ambros-Ingerson and S. Steel",
       title="Integrating planning, execution and monitoring.",
       booktitle="National Conference on Artificial Intelligence (AAAI-88)",
       pages="735--740",
       year= 1988
}

@article{GINSB89,
       author="M. L. Ginsberg",
       title= "Universal Planning: an (almost) universally bad idea",
       journal="AI Magazine",
       volume="10(4)",
       pages="40-44",
       year= 1987}

@article{STRIPS71,
       author="R. E. Fikes and N. J. Nilsson",
       title= "STRIPS: a new approach to the application of theorem proving to problem solving",
       journal="Artificial Intelligence",
       volume="2(3-4)",
       pages="189-208",
       year= 1971}

@inproceedings {ETZ92,
       author="O. and S. Hanks and D. Weld and D. Draper and N. Leash and M.
Williamson",
       title= "An approach to planning with incomplete information",
       booktitle= "International Conference on Principles of Knowledge Representation and Reasoning",
       year= 1993}


@article{FelnerSRP07a,
  author    = {A. Felner and
               R. Stern and
               J. S. Rosenschein and
               A. Pomeransky},
  title     = {Searching for close alternative plans},
  journal   = {Autonomous Agents and Multi-Agent Systems},
  volume    = {14},
  number    = {3},
  pages     = {211--237},
  year      = {2007}
}


@article{EITAN93,
       author="Eithan Ephrati and Jeffrey S. Rosenschein",
       title= "Planning to Please: Following Another Agent's Intended Plan",
       journal="Group Decision and Negotiation",
       volume=2,
       number=3,
       pages="219--235",
       year= 1993}



@article{REPL191,
       author="Martha Pollack",
       title= "Overloading Intention for Efficient Practical Reasoning",
       journal="Nous",
       volume="25",
       number="4",
       pages="513-536",
       year= 1991}


@article{REPL392,
       author="Subbarao Kambhampati",
       title= "A validation structured base theory of plan modification and reuse",
       journal="Artificial Intelligence",
       volume="55(2-3)",
       pages="1-64",
       year= 1992}

@article{REPL295,
       author="Bernhard Nebel and Jana Koehler",
       title= "Plan Reuse versus Plan Generation",
       journal=" Artificial Intelligence",
       volume=84,
       year= 1995}

@article{PS95,
       author="J. F. Dillenburg and P. C. Nelson",
       title= "Perimeter Search",
       journal="Artificial Intelligence",
       volume=65,
       pages="165-178",
       year= 1994}

@article{BIDA96,
       author="G. Manzini",
       title= "{BIDA}*: an improved perimeter search algorithm",
       journal= "Artificial Intelligence",
       volume=75,
       pages="347-360",
       year= 1995}

@article{ARG99,
      author="S. Argamon-Engelson and  S. Kraus and S. Sina",
      title= "Interleaved vs. A Priori Exploration for Repeated
         Navigation in a Partially-Known Graph",
     journal= "International Journal of Pattern Recognition and
          Artificial Intelligence",
     volume="13(7)",
     pages="963--968",
     year="1999"}

@article{ARG98,
      author="S. Argamon-Engelson and S. Kraus and S. Sina",
      title= "Utility-Based On-Line Exploration for Repeated Navigation
              in an Embedded Graph",
     journal="Artificial Intelligence",
     volume="101(1-2)",
     pages="967--984",
     year="1998"}


@article{PARTY,
      author="R. Preis and R. Diekmann",
      title= "{PARTY} - a software library for graph partitioning",
     journal="Technical Report",
     address="University of Paderborn",
     year="1997"}

@article{SCOTCH,
      author="F. Pellgrini and J. Roman",
      title= "{SCOTCH}: a software package for static mapping by dual
         recursive bipartitioning of process and architecture
         graphs",

     journal="HPCN-Europe, Springer LNCS 1067",
     pages="493--498",
     year="1996"}

@article{METIS,
      author="G. Karypis and V. Kumar",
      title= "A fast and high quality multilevel scheme for
         partitioning irregular graphs",
     journal="Technical Report",
     volume="95-035",
     address="Dept. Computer Science, Univ. Minnesota, Minneapolis, MN",
     year="1995"}


@article{CHACO,
      author="B. Hendrickson and R. Leland",
      title= "The chaco user's guide",
     journal="Technical Report",
     volume="SAND94-2692",
     address="Sandia National Laboratories",
     year="1994"}

@article{JOSTLE,
      author="C. Walshaw",
      title= "Parallel {JOSTLE} userguide",
     journal="Technical Report",
     address="University of Greenwich, London ,UK",
     year="1998"}


@article{KL70,
      author="B. Kernigham and S. Lin",
      title= "An Efficient Heiristic Procedure for Partitioning graphs.",
     journal="Bell Systems Technical J.",
     volume=49,
     pages="291-307",
     year="1970"}

@article{GPPSA89,
      author="D. S. Johnson and C. R. Aragon and L. A. McGeoch and C. Schevon",
      title= "Optimization by Simulated Allealing: An Experimental
         Evaluation; Part 1, Graph Partitioning.",
     journal="Operations Research",
     volume=37,
     pages="121-133",
     year="1989"}

@article{KK99,
      author="K. Schloegel and G. Karypis and V. Kumar",
      title= "Graph Partitioning for High Performance Scientific
Simulations.",
     journal="CRPC Parallel Computing Handbook",
     publisher="Morgan Kaufmann",
     year="2000",
}
@article{GPPNPHARD,
      author="M. Garey and D. Johnson and L. Stockmeyer",
      title= "Some simplefied NP-complete graph problems",
     journal="Theort. Comput. Sci.",
     volume="1",
     pages="237-267",
     year="1976"}

@article{SOKOBAN,
      author="A. Junghanns and J. Schaeffer",
      title= "Sokoban: Enhancing general single-agent search methods using
domain knowledge.",
     journal="Artificial Intelligence",
     volume="129",
     pages="219--251",
     year="2001"}

@article{GPPGA96,
      author="T. N. Bui and B. R. Moon",
      title= "Genetic algorithm and Graph Partitioning.",
     journal="IEEE Transactions On Computers",
     volume="45(7)",
     pages="87-101",
     year="1996"}

@article{GPPLA96,
      author="J. B. Oommen and E. V. de St. Croix",
      title= "Graph Partitioning using learning Automata.",
     journal="IEEE Transactions On Computers",
     volume="45(2)",
     pages="195-208",
     year="1995"}

@article{GPPXLS91,
      author="H. Pirkul and E Rolland",
      title= "New Heuristic Solution Procedures for the Uniform Graph
         Partitioning Problem",
     journal="Computers and Operations research",
     year="1991"}

@article{LGG99,
      author="E. Rolland  and H. Pirkul",
      title= "A Lagrangian Based Heuristic for Uniform Graph Partitioning",
     journal="Computers and Operations research",
     pages="87-99",
     year="1999"}

@book{NPC79,
      author="M. R. Garey and D. S. Johnson",
      title= "Computers and Intractability: A Guide to the Theory of {NP}-Completeness",
      publisher = "W. H. Freeman",
      address = "San Francisco, CA",
     year="1979"}

@article{VCAPP97,
      author="P. Crecenzi and V. Kann",
      title= "A compendium of {NP} optimization problems",
     journal="Available at http://www.nada.kth.se/theory/problemlist.html",
     year="1997"}

@article{BUSS93,
      author="J. F. Buss and J. Goldsmith",
      title= "Nondetermenisim within {P}",
     journal="SIAM J, Comput.",
     volume=22,
     pages="560-572",
     year="1993"}

@article{DOW95,
      author="R. G. Downey and M. R. Fellows",
      title= "Parameterized Computational feasibility",
     journal="P. Clote, J. Remmel (Eds.), Feasible Mathematics",
     volume=2,
     pages="219-244",
     year="1995",
     address="Birkhauser, Boston Ma."}


@article{PAP96,
      author="C. H. Papadimitriou and M. Yannakakis",
      title= "On limited nondeterminism and the complexity of the {V-C}
         dimention",
     journal="J. Comput. System Sci",
     volume=53,
     pages="161-170",
     year="1996",}

@article{BAL98,
      author="R. Balasubramanian and M. R. Fellows and V. Raman",
      title= "An improved fixed-parameter algorithm for vertex cover",
     journal="Information Processing Letters",
     volume="65(3)",
     pages="163-168",
     year="1998"}

@article{DOW99,
      author="R. G. Downey and M. R. Fellows and U. Stege",
      title= "Parameterized Complexity: A framework for systematically
         conforting computational intractability",
     journal="DIMACS Series in Discrete Mathematics and Theoretical
         Computer Science",
     volume=49,
     year="1999"}

@techreport{QHULL,
     author="C. B. Barber and D. P. Dobkin and H. Huhdanpaa",
     title= "The {Q}uickhull algorithm for convex hull",
     institution= "Geometry Center Technical Report GCG53",
     address= "University of Minnesota",
     year="1993"}


@book{DEL92,
      author="A. Okabe and B. Boots and K. Sugihara",
      title= "Spatial Tessellations, Concepts, and Applications of
         {V}oronoi Diagrams",
     publisher="Wiley, Chichester",
     address="UK",
     year="1992"}


@Article{CLIQUES,
 author="Johnson and Trick Eds",
  title="Cliques, Coloring and Satisfiability",
 journal="DIMACS series in Discrete Math. and Theoretical CS",
 volume =  "26",
 year =  "1999",
}

@Article{NIED99,
 author="R. Niedermeier and P. Rossmanith",
 title="Upper Bounds for Vertex Cover Further Improved",
 journal="Lecture Notes in Computer Science",
 volume =  "1563",
 pages =  "561--570",
 year =  "1999",
}
@Article{Cheetham03,
 author="J. Cheetham and  F. Dehne and  A. Rau-Chaplin and U. Stege
         and  P. J. Taillon",
 title="Solving Large FPT Problems On Coarse Grained Parallel Machines",
 journal="Journal of Computer and System Sciences",
 year =  "2003",
}

@Article{JUNGER98,
 author="M. Jnger and S. Thienel",
 title="Introduction to ABACUS - A Branch-and-CUt System",
 journal="Operations Research Letters, 22(263)",
 pages =  "83--95",
 year =  "1998",
}

@Article{CAPRARA97,
 author="A. Caprara and M. Fischetti",
 title="Branch and ut algorithms",
 journal="M. Dell'Amico et al. (eds.) Annotated bibliographies in
         combinatorial optimization, Wiley",
 pages =  "45--64",
 year =  "1997",
}

@Article{CHEN2001,
 author="J. Chen and I. Kanj and W. Jia",
 title="Vertex cover: further observations and further improvements",
 journal="Journal of Algorithms",
 volume =  41,
 pages =  "280--301",
 year =  "2001",
}

@Article{CHEN99,
 author="J. Chen and I. Kanj and W. Jia",
 title="Vertex cover: further observations and further improvements",
 journal="Lecture Notes in Computer Science",
 volume =  1665,
 pages =  "313--324",
 year =  "1999",
}

@Article{CKK97,
 author =       "R. E. Korf",
 title =        "A complete anytime algorithm for number partitioning,",
 journal =      "Aritificial Intelligence",
 volume=        "106(2)",
 pages=         "181-203",
 year =         "1998",
}

@Article{KK82,
 author =       "N. Karmarkar and R. M. Karp",
 title =        "The differencing method of set partitioning.",
 journal =      "Technical Report, UCB/CSD 82/113",
 address=       "Computer Sceince Division, University of California,
        Berkeley, Ca",
  year =        "1982",
}

@ARTICLE{BELLMAN,
 author =       "R. Bellman",
 title =        "On a routing problem",
 journal =      "Quarterly of Applied Mathematics",
 year =         "1958",
 volume =       "16",
 number =       "1",
 pages =        "87-90",
}

@inproceedings{bender98power,
   author = "M. A. Bender and A. Fernandez and D. Ron and A. Sahai
            and S. P. Vadhan",
   title = "The Power of a Pebble: {E}xploring and Mapping Directed Graphs",
   booktitle = "{ACM} Symposium on the Theory of Computing",
   pages = "269--278",
   month = "May",
   year = "1998",
   address = "Dallas, Texas",
   url = "citeseer.nj.nec.com/bender98power.html"
}

@ARTICLE{CUCKA,
 author =       "P. Cucka and N. S. Netanyahu and A. Rosenfeld",
 title =        "Learning in Navigation: {G}oal finding in graphs",
 journal =      "International Journal of Pattern Recognition and
         Artificial Intelligence",
 volume =       "10(5)",
 pages =        "429--446",
 year =         "1996"
}

@article{RTA*,
   author = "R. E. Korf",
   title = "Real-Time Heuristic Search",
   journal = "Artificial Intelligence",
   volume = "42(3)",
   pages = "189--211",
   year = "1990"
}

@inproceedings{KNIGHT,
   author = "K. Knight",
   title = "Are many reactive agents better than a few deliberative ones?",
   booktitle = "International Joint Conference on Artificial Intelligence (IJCAI-93)",
   pages = "432--437",
   year = "1993"
}

@inproceedings{ROADMAP-A*,
 author =       "L. Shmoulian and E. Rimon",
 title =        "Roadmap-{A}*: {A}n Algorithm for Minimizing Travel
         Effort in Sensor Based Mobile Robot Navigation",
 booktitle =    "IEEE International Conference on Robotics and Automation",
 pages =        "356--362",
 year =         "1998"
}

@article{A*e,
   author = "J. Pearl and J. H. Kim",
   title = "Studies in semi-admissible heuristics",
   journal = "IEEE Transactions on Pattern Analysis and Machine
             Intelligence",
   volume =  "4",
   pages = "392-400",
   month = "July",
   year = "1982"
}

@book{RONYTHESIS,
       author="R. Stern",
       title="Optimal Path Search in Unknown Physical Enviroments",
       publisher = "M.Sc. Thesis, Department of Computer Science,
                   Bar-Ilan University, Israel; available on
                   http://www.cs.biu.ac.il/$\sim$felner",
       year= "2001"
}


@ARTICLE{REPULSION-ATTRACTION,
 author =       "Y. Kitamura and K. Teranishi and S. Tatsumi",
 title =        "Organizational strategies for multi-agent real-time search",
 journal =      "International Conference on Multi-Agent Systems",
 pages =        "409--416",
 year =         "1996",
}

@inproceedings{DSTAR94,
   author = "A. Stentz",
   title =  "Optimal and Efficient Path Planning for
             Partially-Known  Environments",
   booktitle = "IEEE International Conference on Robotics and Automation",
   pages=   "3310-3317",
   year =   "1994"
}

@inproceedings{DSTAR94S,
   author = "A. Stentz",
   title =  "Optimal and Efficient Path Planning for
             Partially-Known  Environments",
   booktitle = "Proc of ICRA",
   pages=   "3310-3317",
   year =   "1994",
}


@phdthesis{MARZ,
       author="A. Marzetta",
       title="ZRAM: a library of parallel search algorithms and its use
       in enumeration and combinatorial optimization",
       school="Swiss Federal Institute of Technology, Zurich, Switzerland",
       year=1998}

@phdthesis{GASSER,
       author="R. Gasser",
       title="Harnessing computational resources for efficient
         exhastive search",
       school="Swiss Federal Institute of Technology, Zurich, Switzerland",
       year=1995}


@article{Gh51,
   author="B.~Ghosh",
       title="Random distances within a rectangle and between two rectangles",
       journal="Bulletin of the Culcutta Mathematical Society",
       volume="43",
       pages="17--24",
       year= 1951
}

@article{PLANREUSE95,
   author = "B. Nebel and J. Koehler",
   title = "Plan reuse versus plan generation",
   journal = "Artificial Intelligence",
   volume =  "76",
   pages = "427--454",
   year = "1995"
}




@inproceedings{PHA2002,
   author="A. Felner and R. Stern and S. Kraus",
       title="{PHA}*: {P}erforming {A}* in Unknown Physical Environments",
       booktitle="AAMAS",
       pages="240--247",
       year= 2002
}

@inproceedings{altplanaamas03,
   author="A. Felner and A. Pomeransky and J. Rosenchein",
       title="Searching for an Alternative Plan",
       booktitle="AAMAS",
       pages="33--40",
       year= 2003
}

@inproceedings{DSTARLITE02,
   author="S. Koenig and M. Likhachev",
       title="D* Lite",
       booktitle="National Conference on Artificial Intelligence (AAAI-02)",
       pages="476--483",
       year= 2002
}


@incollection{LPA*,
   author="S. Koenig and M. Likhachev",
       title="Incremental {A}*",
       booktitle="Advances in Neural Information Processing Systems 14
                 (NIPS)",
       publisher="MIT Press, Cambridge, MA",
       year= 2002
}


@article{ANTS2000,
   author="A. Wagner and A. M. Bruckstein",
       title="A{NTS}: Agents, Networks, Trees, and Subgraphs",
       journal="Future Generation Computer Systems Journal",
       volume= "16(8)",
       pages= "915-926",
       year= 2000
}


@article{VANTS2001,
   author="V. Yanovski and I. A. Wagner and A. M. Bruckstein",
       title="Vertex-Ant-Walk: {A} robust method for efficient
       exploration of faulty graphs",
       journal="Annals of Mathematics and Artificial Intelligence",
       volume = "31(1-4)",
       pages= "99-112",
       year= 2001
}

@inproceedings{ZITA,
       author="K. Zita and M. Veloso",
       title="Route planning by Analogy",
       booktitle="International Conference on Case-Based Reasoning",
       year=1995}


@inproceedings{LIU96,
   author="B. Liu",
       title="Intelligent Route Finding: Combining Knowledge, Cases and An Efficient Search Algorithm",
       booktitle="ECAI-96",
       pages="380--384",
       year= 1996}


@inproceedings{li99distributed,
   author="W. Li and M. Zhang",
       title="Distributed Task Plan: A Model for Designing Autonomous
         Mobile Agents",
       booktitle="International Conference on Artificial Intelligence",
       pages="336--342",
       year= 1999}


@article{jensen99obddbased,
   author = "R. M. Jensen and M. M. Veloso",
   title = "{OBDD}-Based Universal Planning: Specifying and Solving
Planning Problems for Synchronized Agents in Non-deterministic Domains",
   journal = "Artificial Intelligence Today, Recent Trends and Developments",
   publisher= "M.J. Wooldrige and M. Veloso (Eds.), Springer-Verlag",
   pages="212--248",
   year = "1999"}

@article{Bagchi88,
   author = "A. Bagchi and A. Sen",
   title = "Average-case analysis of heuristic search in tree-like networks",
   journal = "Search in Artificial Intelligence",
   publisher= "L. Kanal and V. Kumar, New York: Springer-Verlag",
   pages="131--165",
   year = "1988"}

@article{PUZ99,
   author="R. E. Korf",
       title="Sliding-tile puzzles and {R}ubik's {C}ube in {AI} research",
       journal="IEEE Intelligent Systems",
       volume="14",
       pages= "8--12",
       month="November",
       year= 1999
}


@article{Kaelbling:96,
author="L. P. Kaelbling and A. W. Moore",
year="1996",
title="Reinforcement Learning: A Survey",
journal="Journal of Artificial Intelligence Research",
volume="4",
pages="237--285"}


@book{CLR01,
      author="T. H. Cormen and C. E. Leiserson and R. L. Rivest and
             C. Stein",
      title= "Introduction to Algorithms",
      publisher= "MIT Press",
      address = "Cambridge, Massachusetts",
      note = "2nd edition",
      year= "2001"}

@BOOK{dixon96,
 AUTHOR = "Dixon, J. D. and Mortimer, B.",
 TITLE = "Permutation Groups",
 PUBLISHER = "Springer-Verlag",
 YEAR = 1996,
 SERIES = "Graduate Texts in Mathematics"
}

@BOOK{butler91,
 AUTHOR = "Butler, G.",
 TITLE = "Fundamental Algorithms for Permutation Groups",
 PUBLISHER = "Springer-Verlag",
 YEAR = 1991,
 SERIES = "Lecture Notes in Computer Science"
}

@BOOK{AItheory,
 AUTHOR = "Banerji, R. B.",
 TITLE = "Artificial Intelligence: A Theoretical Approach",
 PUBLISHER = "North Holland",
 YEAR = 1980
}


@TECHREPORT{kibler,
 AUTHOR = "Kibler, D.",
 TITLE = "Natural Generation of Admissible Heuristics",
 INSTITUTION = "University of California at Irvine",
 YEAR = 1982,
 MONTH = "July",
 NUMBER = "TR-188"
}

@ARTICLE{holteJ96,
 AUTHOR = "Holte, R. C. and Mkadmi, T. and Zimmer, R. M. and MacDonald, A. J.",
 TITLE = "Speeding Up Problem-Solving by Abstraction: A Graph-Oriented Approach",
 JOURNAL = "Artificial Intelligence",
 VOLUME = 85,
 PAGES = "321-361",
 YEAR = 1996
}

@ARTICLE{pried95,
 AUTHOR = "Prieditis, A. and Davis, R.",
 TITLE = "Quantitatively relating abstractness to the accuracy of admissible heuristics",
 JOURNAL = "Artificial Intelligence",
 VOLUME =  74,
 PAGES = "165-175",
 YEAR = 1995
}

@ARTICLE{guida79,
 AUTHOR = "Guida, G. and Somalvico, M.",
 TITLE = "A Method for computing Heuristics in problem solving",
 JOURNAL = "Information Sciences",
 VOLUME = 19,
 PAGES = "251-259",
 YEAR = 1979
}

@inproceedings{gasching79,
 AUTHOR = "Gasching, J.",
 TITLE = "A Problem Similarity Approach to Devising Heuristics: First Results",
       booktitle="International Joint Conference on Artificial Intelligence (IJCAI-79)",
 PAGES = "301-307",
 YEAR = 1979
}


@inproceedings{mostow89,
 AUTHOR = "Mostow, J. and Prieditis, A.",
 TITLE = "Discovering Admissible Heuristics by Abstracting and Optimizing: A Transformational Approach",
       booktitle="International Joint Conference on Artificial Intelligence (IJCAI-89)",
 PAGES = "701-707",
 YEAR = 1989
}


@ARTICLE{edelkamp01short,
  AUTHOR = "Edelkamp, S.",
  TITLE = "Planning with Pattern Databases",
  JOURNAL = "Proc, ECP-01",
  PAGES = "13-24",
  YEAR = 2001
}


@ARTICLE{Schroedl05,
 AUTHOR = "S. Schroedl",
 TITLE = "An Improved Search Algorithm for Optimal Multiple-Sequence Alignment",
        journal="Journal of Artificial Intelligence Research",
 VOLUME=23,
 PAGES = "587--623",
 YEAR = 2005
 }

@inproceedings{MUL07,
       author="S. Edelkamp and P. Kissmann",
       title="Externalizing the Multiple Sequence Alignment Problem with Affine Gap Costs",
       booktitle="German Conference on Artificial Intelligence (KI), LNCS 4467",
       pages="444--447",
       year=2007}

@inproceedings{edelkamp01,
 AUTHOR = "Edelkamp, S.",
 TITLE = "Planning with Pattern Databases",
 booktitle = "European Conference on Planning (ECP-01)",
 PAGES = "13--24",
 YEAR = 2001
}


@ARTICLE{edelkamp02,
 AUTHOR = "Edelkamp, S.",
 TITLE = "Symbolic Pattern Databases in Heuristic Search Planning",
 JOURNAL = "International Conference on AI Planning and Scheduling (AIPS)",
 PAGES = "274-293",
 YEAR = 2002
}

@inproceedings{edelkamp98,
 AUTHOR = "Edelkamp, S. and Korf, R. E.",
 TITLE = "The branching factor of regular spaces",
       booktitle="National Conference on Artificial Intelligence (AAAI-98)",
 YEAR = 1998,
 PAGES = "299-304"
}


}




@inproceedings{korf98,
 AUTHOR = "Korf, R. E. and Reid, M.",
 TITLE = "Complexity Analysis of Admissible Heuristic Search",
       booktitle="National Conference on Artificial Intelligence (AAAI-98)",
 YEAR = 1998,
 PAGES = "305-310"
}


@ARTICLE{russell92,
 AUTHOR = "Russell, S.",
 TITLE = "Efficient Memory-Bounded Search Methods",
 JOURNAL = "European Conference on Artificial Intelligence (ECAI-92)",
 YEAR = 1992,
 PAGES = "1-5",
 PUBLISHER = "Wiley"
}

@inproceedings{kaindl95,
 AUTHOR = "Kaindl, H. and Kainz, G. and Leeb, A. and Smetana, H.",
 TITLE = "How to Use Limited Memory in Heuristic Search",
       booktitle="International Joint Conference on Artificial Intelligence (IJCAI-89)",
 YEAR = 1995,
 PAGES = "236-242"
}

@inproceedings{korf97,
 AUTHOR = "Korf, R. E.",
 TITLE = "Finding Optimal Solutions to {R}ubik's {C}ube Using Pattern Databases",
       booktitle="National Conference on Artificial Intelligence (AAAI-97)",
 YEAR = 1997,
 PAGES = "700--705"
}


@inproceedings{korf97short,
  AUTHOR = "Korf, R. E.",
  TITLE = "Finding Optimal Solutions to {R}ubik's {C}ube Using Pattern Databases",
       booktitle="National Conference on Artificial Intelligence (AAAI-97)",
  YEAR = 1997,
  PAGES = "700--705"}


@inproceedings{KORF05,
   author="Korf, R. E.",
       title="Large scale parellel breadth-first search",
       booktitle="National Conference on Artificial Intelligence (AAAI-05)",
       PAGES = "1380-1385",
       year= 2005}


@inproceedings{KORF04,
   author="Korf, R. E.",
       title="Best-first frontier search with delayed duplicate detection",
       booktitle="National Conference on Artificial Intelligence (AAAI-04)",
       PAGES = "650--657",
       year= 2004}


@TECHREPORT{pdb94,
 AUTHOR = "Culberson, J. C. and Schaeffer, J.",
 TITLE = "Efficiently Searching the 15-Puzzle",
 INSTITUTION = "Department of Computer Science, University of Alberta",
 YEAR = 1994
}

@TECHREPORT{blocks,
 AUTHOR="Slaney, J. and Thi{\'e}baux, S.",
 TITLE = "Adventures in Blocks World",
 NOTE = "TR-ARP-7-94",
 INSTITUTION = "Research School of Information Sciences and Engineering and
Centre for Information Science Research, Australian National University",
 YEAR = 1994
}


@ARTICLE{pdb96,
 AUTHOR = "Culberson, J. C. and Schaeffer, J.",
 TITLE = "Searching with Pattern Databases",
 JOURNAL = "Advances in Artificial Intelligence (Lecture Notes in Artificial Intelligence 1081)",
 YEAR = 1996,
 PAGES = "402-416",
 PUBLISHER = "Springer"
}


@ARTICLE{pdb98,
 AUTHOR = "Culberson, J. C. and Schaeffer, J.",
 TITLE = "Pattern Databases",
 JOURNAL = "Computational Intelligence",
 YEAR = 1998,
 volume = "14",
 number = "3",
 PAGES = "318--334"
}




@ARTICLE{valtorta84,
 AUTHOR = "Valtorta, M.",
 TITLE = "A Result on the Computational Complexity of Heuristic Estimates for the {A}* Algorithm",
 JOURNAL = "Information Sciences",
 YEAR = 1984,
 PAGES = "47-59"
}

@ARTICLE{evett95,
 AUTHOR = "Evett, M.P. and Hendler, J.A. and Mahanti, A. and Nau, D.",
 TITLE = "{PRA}*: Massively Parallel Heuristic Search",
 JOURNAL = "Journal of Parallel and Distributed Computing",
 VOLUME = 25,
 NUMBER = 2,
 PAGES = "133-143",
 YEAR = 1995
}


@ARTICLE{dillenburg94,
 AUTHOR = "Dillenburg, J. F. and Nelson, P. C.",
 TITLE = "Perimeter Search",
 JOURNAL = "Artificial Intelligence",
 VOLUME = 65,
 YEAR = 1994,
 PAGES = "165-178"
}

@ARTICLE{korfmacro,
 AUTHOR = "Korf, R. E.",
 TITLE = "Macro-operators: A weak method for learning",
 JOURNAL = "Artificial Intelligence",
 VOLUME = 26,
 YEAR = 1985,
 PAGES = "35-77"
}





@ARTICLE{STRIPS,
 AUTHOR = "Fikes, R. and Nilsson, N. J.",
 TITLE = "{STRIPS}: A New Approach to the Application of Theorem Proving to Problem Solving",
 JOURNAL = "Artificial Intelligence",
 VOLUME = 2,
 YEAR = 1971,
 PAGES = "189-208"
}


@ARTICLE{astar,
 AUTHOR = "Hart, P.E. and Nilsson, N. J. and Raphael, B.",
 TITLE = "A Formal Basis for the Heuristic Determination of Minimum Cost Paths",
 JOURNAL = "IEEE Transactions on Systems Science and Cybernetics",
 VOLUME = 4,
 ISSUE  = 2,
 YEAR = 1968,
 PAGES = "100-107"
}



@TECHREPORT{istvan99,
 AUTHOR = "Hern{\'a}dv{\"o}lgyi, I. T. and Holte, R. C.",
 TITLE = "{PSVN}: A Vector Representation for Production Systems",
 INSTITUTION = "School of Information Technology and Engineering, University of Ottawa",
 NUMBER = "TR-99-04",
 YEAR = 1999
}

@ARTICLE{istvan01,
 AUTHOR = "Hern{\'a}dv{\"o}lgyi, I. T.",
 TITLE = "Searching for Macro Operators with Automatically Generated Heuristics",
 JOURNAL = "Advances in Artificial Intelligence - Proceedings of the Fourteenth Biennial Conference of the Canadian Society for Computational Studies of Intelligence (LNAI 2056)",
 YEAR = 2001,
 PAGES = "194-203"
}


@inproceedings{holte96,
 AUTHOR = "Holte, R. C. and Perez, M. B.  and Zimmer, R. M. and MacDonald, A. J.",
 TITLE = "Hierarchical {A}*: Searching Abstraction Hierarchies Efficiently",
       booktitle="National Conference on Artificial Intelligence (AAAI-96)",
 YEAR = 1996,
 PAGES = "530-535"
}

@inproceedings{holte96short,
 AUTHOR = "Holte, R. C. and Perez, M. B.  and Zimmer, R. M. and MacDonald, A. J.",
 TITLE = "Hierarchical {A}*: Searching Abstraction Hierarchies Efficiently",
       booktitle="National Conference on Artificial Intelligence (AAAI-96)",
 PAGES = "530--535",
 YEAR = 1996,
}

@ARTICLE{prieditis,
 AUTHOR = "Prieditis, A. E.",
 TITLE = "Machine Discovery of Effective Admissible Heuristics",
 JOURNAL = "Machine Learning",
 VOLUME = 12,
 YEAR = 1993,
 PAGES = "117-141"
}

@inproceedings{robistvan,
 AUTHOR = "Holte, R. C. and Hern{\'a}dv{\"o}lgyi, I. T.",
 TITLE = "A Space-Time Tradeoff for Memory-Based Heuristics",
       booktitle="National Conference on Artificial Intelligence (AAAI-99)",
 YEAR = 1999,
 PAGES = "704-709"
}

@article{BagchiM83,
  author    = {A. Bagchi and
               A. Mahanti},
  title     = {Search Algorithms Under Different Kinds of Heuristics -- {A} Comparative Study},
  journal   = {Journal of the ACM},
  volume    = {30},
  number    = {1},
  year      = {1983},
  pages     = {1-21},
  ee        = {http://doi.acm.org/10.1145/322358.322359},
  bibsource = {DBLP, http://dblp.uni-trier.de}
}

@BOOK{pearl,
 AUTHOR = "Pearl, J.",
 TITLE = "Heuristics: Intelligent Search Strategies for Computer Problem Solving",
 PUBLISHER = "Addison-Wesley",
 YEAR = 1984
}


@ARTICLE{pancake,
 AUTHOR = "Dweighter, H.",
 TITLE = "Problem E2569",
 JOURNAL = "American Mathematical Monthly",
 VOLUME = 82,
 YEAR = 1975,
 PAGES = "1010"
}
@ARTICLE{Brunetta,
 AUTHOR = " L. Brunetta  and M. Conforti and N. Rinaldi",
 TITLE = "A branch-and-cut Algorithm for the Equicut Problem",
 JOURNAL = "Math. Program.",
 VOLUME = 78,
  PAGES = "243--263",
 YEAR = 1997
}

@ARTICLE{Ferreira,
   AUTHOR = "A. Ferreira  and A. Martin  and C. C. de Souza  and
         R. Weismantel and L. A. Wolsey",
 TITLE = "The Node Capacitated Graph Partitioning Problem: A
         Computational Study",
 JOURNAL = "Math Program.",
 VOLUME = 81,
  PAGES = "229--256",
 YEAR = 1998
}

@ARTICLE{Johnson,
   AUTHOR = "E. L. Johnson  and A. Mehrotra  and G. L. Nemhauser",
 TITLE = "Min-cut Clustering",
 JOURNAL = "Math Program.",
 VOLUME = 62,
  PAGES = "133--151",
 YEAR = 1993
}


@ARTICLE{Clausen,
   AUTHOR = "J. Clausen and J. Larsson-Traff",
 TITLE = "Implementation of Parallel Branch and Bound Algorithms -
         Experiences with the Graph partitioning Problem",
 JOURNAL = "Ann. Oper. Res.",
 VOLUME = 33,
  PAGES = "331--349",
 YEAR = 1991
}

@ARTICLE{Karisch,
   AUTHOR = "S. E. Karisch  and F. Rendl  and J. Clausen ",
 TITLE = "Solving Graph Bisection Problems with Semidefinite Programming",
 JOURNAL = "Informs: Journal of Computing",
 VOLUME = "12(3)",
  PAGES = "177--191",
 YEAR = 2000
}



@ARTICLE{Sensen,
 AUTHOR = "N . Sensen",
 TITLE = "Lower Bounds and Exact Algorithms for the Graph Partitioning
         Problem with Multicommodity FLows",
 JOURNAL = "Algorithms - ESA 2001",
  PAGES = "391--403",
 YEAR = 2001
}

@ARTICLE{APPLEBY,
 AUTHOR = "S. Appleby and S. Steward",
 TITLE = "Mobile software agents for control in
telecommunication networks",
 JOURNAL = "British Telecom Technology Journal 12",
  PAGES = "104--113",
 YEAR = 1994
}

@ARTICLE{mero84,
 AUTHOR = "L. Mero",
 TITLE = "A Heuristic Search Algorithm with Modifiable Estimate",
 JOURNAL = "Artificial Intelligence",
 VOLUME="23",
 YEAR = 1984,
 PAGES = "13-27"
}

@article {chen96,
author = "T. Chen and S. Skiena",
title = "Sorting with Fixed-Length Reversals",
journal = "Discrete Applied Mathematics",
volume = "71",
number = "1--3",
year = "1996",
pages = "269--295"}

@ARTICLE{SCHOOND,
 AUTHOR = "R. Schoonderwoerd and O. Holland and  J. Bruten and L. Rothkrantz",
 TITLE = "Ant-based load balancing in telecommunications networks",
 JOURNAL = "Adaptive Behavior, 5(2)",
 YEAR = 1996
}


@inproceedings{Ishida00,
   author    = "M. Shimbo and T. Isida",
   title     = "Towards Real-Time Search with Inadmissible Heuristics",
   booktitle = " European Conference on Artificial Intelligence (ECAI)",
   pages     = "609--613",
   year      = "2000"
}

@inproceedings{Ishida00short,
   author    = "M. Shimbo and T. Isida",
   title     = "Towards Real-Time Search with Inadmissible Heuristics",
   booktitle = "ECAI",
   pages     = "609--613",
   year      = "2000"
}

@inproceedings{Koenig05,
   author    = "M. Likhachev and S. Koenig",
   title     = "A Generalized Framework for Lifelong Planning {A}*",
        booktitle= "International Conference on Automated Planning and Scheduling (ICAPS-05)",
   pages     = "99--108",
   year      = "2005"
}

@inproceedings{Koenig05short,
   author    = "M. Likhachev and S. Koenig",
   title     = "A Generalized Framework for Lifelong Planning {A}*",
        booktitle= "International Conference on Automated Planning and Scheduling (ICAPS-05)",
   pages     = "99--108",
   year      = "2005"
}

@inproceedings{incijcai09,
   author="A. Junghanns and J. Schaeffer",
       title="Domain-dependent single-agent search enhancements",
       booktitle="International Joint Conference on Artificial Intelligence (IJCAI-99)",
       pages="570--575",
       year= 1999}
}


@article{predjair,
  author    = {U. Zahavi and
               A. Felner and
               N. Burch and
               R. C. Holte},
  title     = {Predicting the Performance of {IDA}* (with {BPMX}) with Conditional Distributions},
  journal = "Journal of Artificial Intelligence Research",
volume = "37",
pages = "41--83",
year = "2010"}
}


@inproceedings{DUAL2005,
  author    = {A. Felner and
               U. Zahavi and
               J. Schaeffer and
               R. C. Holte},
  title     = {Dual Lookups in Pattern Databases},
       booktitle="International Joint Conference on Artificial Intelligence (IJCAI-05)",
  year      = {2005},
  pages     = {103-108},
  ee        = {http://www.ijcai.org/papers/0359.pdf},
  bibsource = {DBLP, http://dblp.uni-trier.de}
}



@inproceedings{DUALAAAI06,
  author    = {U. Zahavi and
               A. Felner and
               R. C. Holte and
               J. Schaeffer},
  title     = {Dual Search in Permutation State Spaces},
       booktitle="National Conference on Artificial Intelligence (AAAI-06)",
  year      = {2006},
  pages     = {1076-1081},
  bibsource = {DBLP, http://dblp.uni-trier.de}
}

@inproceedings{INCON2007,
  author    = {U. Zahavi and
               A. Felner and
               J. Schaeffer and
               N. R. Sturtevant},
  title     = {Inconsistent Heuristics},
       booktitle="National Conference on Artificial Intelligence (AAAI-07)",
  year      = {2007},
  pages     = {1211-1216},
  bibsource = {DBLP, http://dblp.uni-trier.de}
}




@inproceedings{PREDAAAI08,
  author    = {U. Zahavi and
               A. Felner and
               N. Burch and
               R. C. Holte},
  title     = {Predicting the Performance of {IDA}* with Conditional Distributions},
       booktitle="National Conference on Artificial Intelligence (AAAI-08)",
  year      = {2008},
  pages     = {381-386},
  bibsource = {DBLP, http://dblp.uni-trier.de}
}






@inproceedings{ZHOU04,
   author="R. Zhou and E. Hansen",
       title="Space-Efficient Memory-Based Heuristics",
       booktitle="National Conference on Artificial Intelligence (AAAI-04)",
       pages="677--682",
       year= 2004}

@inproceedings{ZHOU04b,
   author="R. Zhou and E. Hansen",
       title="Structured Duplicate Detection in External-Memory Graph Search",
       booktitle="National Conference on Artificial Intelligence (AAAI-04)",
       pages="683--689",
       year= 2004}

@inproceedings{ZHOU04c,
    author="R. Zhou and E. Hansen",
        title="Breadth-First Heuristic Search",
        booktitle= "International Conference on Automated Planning and Scheduling (ICAPS-04)",
        pages="92--100",
        year= 2004}

@inproceedings{SYM02,
   author="S. Edelkamp",
       title="Symbolic Pattern Databases in Heuristic Search Planning",
       booktitle="Proc. International Conference on AI Planning and Scheduling (AIPS)",
       pages="274--293",
       year= 2002}

@article {BRYNT92,
author = "O. Dunkel",
title = "Symbolic Boolean Manipulation with Ordered Binary Decision Diagrams",
journal = "ACM Computing Surveys",
volume = "24(3)",
year = "1992",
pages = "142--170"}

@inproceedings{STERNDILL,
   author="U. Stern and D. L. Dill.",
       title="Improved Probabilistic Verification by Hash Compaction",
       booktitle="Advanced Research Working Conference on Correct Hardware Design and Verification Methods",
       pages="206-240",
       year= 1995}

@article{BLOOM,
    author = "B. H. Bloom",
    title = "Space/Time Trade-offs in Hash Coding with Allowable Errors",
    journal = "Communications of the ACM",
    volume = "13(3)",
    year = "1970",
    pages = "422--426"}


@inproceedings{OCTREE02,
   author="M. McNaughton and P. Lu and J. Schaeffer and D. Szafron",
       title="Memory Efficient {A}* Heuristics for Multiple Sequence Alignment",
       booktitle="National Conference on Artificial Intelligence (AAAI-02)",
       pages="737--743",
       year= 2002}

@inproceedings{compress04short,
   author="A. Felner and R. Meshulam and R. C. Holte and R. E. Korf",
       title="Compressing Pattern Databases",
       booktitle="National Conference on Artificial Intelligence (AAAI-04)",
       pages="638--643",
       year= 2004}


@article{compressjur,
  author    = {A. Felner and
               R. E. Korf and
               R. Meshulam and
               R. C. Holte},
  title     = {Compressed Pattern Databases},
        journal="Journal of Artificial Intelligence Research",
  volume    = {30},
  year      = {2007},
  pages     = {213-247}
}






@inproceedings{compress04,
   author="A. Felner and R. Meshulam and R. C. Holte and R. E. Korf",
       title="Compressing Pattern Databases",
       booktitle="National Conference on Artificial Intelligence (AAAI-04)",
       pages="638--643",
       year= 2004}


@article {dunkel,
author = "O. Dunkel",
title = "Editorial note concerning advanced problem 3918",
journal = "American Mathematical Monthly",
volume = "48",
year = "1941",
pages = "219"}

@article {frame,
author = "J. S. Frame",
title = "Solution to advanced problem 3918",
journal = "American Mathematical Monthly",
volume = "48",
year = "1941",
pages = "216-217"}


@article {SARA2000,
author = "I. Hern{\'a}dv{\"o}lgyi and R. C. Holte ",
title = "Experiments with automatically created memory-based heuristics",
journal = "Proc. SARA-2000, Lecture Notes in Artificial Intelligence",
volume = 1864,
pages = "281--290",
year = 2000}


@article {korfthesis,
author = "R. E. Korf",
title = "Macro-operators: A weak method for learning",
journal = "Artificial Intelligence",
volume = "26",
number = "1",
year = "1985",
pages = "35-77"}

@article {Adler,
author = "F. R. Adler and  D. M. Gordon",
title = "Information Collection and Spread by Networks of Patrolling  Ants",
journal = "The American Naturalist",
volume = "140",
number = "3",
year = "1992",
pages = "373-400"}

@article {Gordon,
author = "D. M. Gordon",
title = "The Expandable Network of Ant Exploration",
journal = "Animal  Behaviour",
volume = "50",
year = "1995",
pages = "372-378"}

@article {EAW,
author = "V. M. Yanovski and I. A. Wagner and A. M. Bruckstein",
title = "A distributed ant algorithm for efficiently patrolling a network",
journal = "Algorithmica ",
volume = "37",
year = "2003",
pages = "165-186"}


@article {Dorigo,
author = "M. Dorigo, V. Maniezzo and A. Colorni",
title = "The Ant System: Optimization by a Colony of Cooperating Agents",
journal = "IEEE Transactions on Systems, Man, and Cybernetics-Part B",
year = "1994",
volume = "26",
number = "1",
pages = "29-41"}


@article {DB2003,
author = "V.  Marik, D. C. McFarlane, P. Valckenaers",
title = "Holonic and Multi-Agent Systems for Manufacturing",
journal = "First International Conference on Industrial Applications of Holonic and Multi-Agent Systems",
year = "2003"}

@article{ANTNET98,
   author="G. Di Caro and  and M. Dorigo",
       title="Ant{N}et: Distributed Stigmergetic Control for Communications Networks",
       journal="Journal of Artificial Intelligence Research",
       volume= 9,
       pages="317-365",
       year=1998
   }

@inproceedings{NEWANTS04,
       author="A. Felner and Yaron Shoshani and Israel A.
                 Wagner and Alfred M. Bruckstein ",
       title="Large Pheromones: A Case Study with Multi-agent Physical {A}*",
       booktitle="Forth International Workshop on Ant Colony Optimization
             and Swarm Intelligence. (ANTS 2004)",
       pages="366-373",
       year=2004
}

@article{pattern,
author = "J. Culberson and J. Schaeffer",
title = "Pattern databases",
journal = "Computational Intelligence",
volume = "14",
number = "3",
pages = "318--334",
year = "1998"}


@article {disjoint,
author = "R. E. Korf and A. Felner",
title = "Disjoint pattern database heuristics",
journal = "Artificial Intelligence",
volume = "134",
number = "1--2",
year = "2002",
month = "Jan",
pages = "9--22"}




@inproceedings{rubik,
   author="Korf, R. E.",
       title="Finding optimal solutions to {R}ubik's Cube using pattern databases",
       booktitle="National Conference on Artificial Intelligence (AAAI-97)",
       pages="700-705",
       year= 1997}

@inproceedings{twentyfour,
   author="Korf, R. E. and L.A. Taylor",
       title="Finding Optimal Solutions to
the Twenty-Four Puzzle",
       booktitle="National Conference on Artificial Intelligence (AAAI-96)",
       pages="1202--1207",
       year= 1996}







@inproceedings {bode+hinz,
author =  "J.-P. Bode and A.M. Hinz",
title = "Results and open problems on the {T}ower of {H}anoi",
booktitle = "Southeastern International Conference on Combinatorics, Graph Theory, and Computing",
address = "Boca Raton, FL",
year =  "1999"}





@inproceedings {aaai00,
author =  "R. E. Korf and W. Zhang",
title = "Divide-and-conquer frontier search applied to optimal sequence alignment",
booktitle = "National Conference on Artificial Intelligence (AAAI-2000)",
pages = "910-916",
year =  "2000"}




@inproceedings {ddd,
author =  "Korf, R. E.",
title = "Best-first frontier search with delayed duplicate detection",
booktitle = "National Conference on Artificial Intelligence (AAAI-04)",
pages = "650-657",
year =  "2004"}

@inproceedings{karp72,
author =  "Karp, R.M.",
title = "Reducibility among combinatorial problems",
booktitle = "R. E. Miller and J.W. Thatcher (eds.), Complexity of Computer Computations",
address = "Plenum Press, New York",
pages = "85-103",
year = "1972"}


@inproceedings {hinz,
author =  "Andreas M. Hinz",
title = "The Tower of {H}anoi",
booktitle = "Algebras and Combinatorics: Proceedings of ICAC'97",
address = "Hong Kong",
publisher = "Springer-Verlag",
year =  "1997",
pages = "277-289"}


@article{DIMACS,
title = "DIMACS Implementation Challenge: The Traveling Salesman Problem",
journal = "Avaialble at http://www.research.att.com/~dsj/chtsp/"}


@TECHREPORT{RIP,
  AUTHOR =       {G. Malkin},
  TITLE =        {RIPng Protocol Applicability Statement},
  INSTITUTION =  {IETF Network Working Group},
  YEAR =         {1997},
  type =         {RFC},
  number =       {2081},
  month =        {January},
}

@TECHREPORT{BGP,
  AUTHOR =       {Y. Rekhter and T. Li},
  TITLE =        {A Border Gateway Protocol},
  INSTITUTION =  {T.J Watson Research Center IBM Corporation \& Cisco Systems},
  YEAR =         {1995},
  type =         {RFC},
  number =       {1771},
  month =        {March},
}

@TECHREPORT{ACO3,
  AUTHOR =       {Gambardella L. M. and M. Dorigo},
  TITLE =        {HAS-SOP: An Hybrid Ant System for the Sequential Ordering
Problem},
  INSTITUTION =  {IDSIA},
  YEAR =         {1997},
  type =         {Technical Report},
  number =       {IDSIA 97-11},
  address =      {Lugano, Switzerland},
}

@TECHREPORT{survey17,
  AUTHOR =       {M.Benda and V.Jagannathan and R.Dodhiawalla},
  TITLE =        {On Optimal Cooperation of Knowledge Sources},
  INSTITUTION =  {Boeing AI Center},
  YEAR =         {1985},
  type =         {Technical Report},
  number =       {BCS-G 2010-28},
  month =        {August},
}

@ARTICLE{ACO1,
  AUTHOR =       {Dorigo M. and L.M. Gambardella},
  TITLE =        {Ant Colony System: A Cooperative Learning Approach to the
Traveling Salesman Problem},
  JOURNAL =      {IEEE Transactions on Evolutionary Computation},
  YEAR =         {1997},
  volume =       {1},
  number =       {1},
  pages =        {53--66},
}

@ARTICLE{ACO2,
  AUTHOR =       {Dorigo M. and G. Di Caro and L. M. Gambardella},
  TITLE =        {Ant Algorithms for Discrete Optimization},
  JOURNAL =      {Artificial Life},
  YEAR =         {1999},
  volume =       {5},
  number =       {2},
  pages =        {137--172},
}

@ARTICLE{ACO4,
  AUTHOR =       {Gambardella L. M. and E. Taillard and M. Dorigo},
  TITLE =        {Ant Colonies for the Quadratic Assignment Problem},
  JOURNAL =      {Journal of the Operational Research Society},
  YEAR =         {1999},
  volume =       {50},
  pages =        {167--176},
}

@INPROCEEDINGS{ACO5,
  AUTHOR =       {Bullnheimer B. and R.F. Hartl and C. Strauss},
  TITLE =        {An Improved Ant system Algorithm for the Vehicle Routing
Problem},
  BOOKTITLE =    {Sixth Viennese workshop on Optimal Control, Dynamic Games,
Nonlinear Dynamics and Adaptive Systems},
  YEAR =         {1997},
  pages =        {21--23},
  address =      {Vienna},
  month =        {May},
}

@ARTICLE{ACO6,
  AUTHOR =       {Colorni A. and M. Dorigo and V. Maniezzo and M. Trubian},
  TITLE =        {Ant system for Job-shop Scheduling},
  JOURNAL =      {JORBEL --- Belgian Journal of Operations Research, Statistics
and Computer Science},
  YEAR =         {1994},
  volume =       {34},
  number =       {1},
  pages =        {39--53},
}

@ARTICLE{ACO7,
  AUTHOR =       {Costa D. and A. Hertz},
  TITLE =        {Ants Can Colour Graphs},
  JOURNAL =      {Journal of the Operational Research Society},
  YEAR =         {1997},
  volume =       {48},
  pages =        {295--305},
}

@ARTICLE{ACO9,
  AUTHOR =       {Schoonderwoerd R. and O. Holland and J. Bruten and L.
Rothkrantz},
  TITLE =        {Ant-based Load Balancing in Telecommunications Networks},
  JOURNAL =      {Adaptive Behavior},
  YEAR =         {1997},
  volume =       {5},
  number =       {2},
  pages =        {169--207},
}

@ARTICLE{ACO10,
  AUTHOR =       {Di Caro G. and Dorigo M},
  TITLE =        {AntNet: Distributed Stigmergetic Control for Communications
Networks},
        journal="Journal of Artificial Intelligence Research",
  YEAR =         {1998},
  volume =       {9},
  pages =        {317--365},
}

@INPROCEEDINGS{ACO11,
  AUTHOR =       {Navarro Varela G. and M.C. Sinclair},
  TITLE =        {Ant Colony Optimisation for Virtual-Wavelength-Path Routing
and Wavelength Allocation},
  BOOKTITLE =    {Congress on Evolutionary Computation (CEC'99)},
  YEAR =         {1999},
  pages =        {1809--1816},
  address =      {Washington DC, USA},
  month =        {July},
}

@BOOK{newAnts1,
  AUTHOR =       {B. Houmlldobler and E.O. Wilson},
  TITLE =        {The ants},
  PUBLISHER =    {Springer},
  YEAR =         {1990},
  address =      {Berlin},
}

@ARTICLE{newAnts2,
  AUTHOR =       {S. Goss and S. Aron and J.L. Deneubourg and J.M. Pasteels},
  TITLE =        {Self-organized shortcuts in the argentine ant},
  JOURNAL =      {Naturwissenschaften},
  YEAR =         {1989},
  volume =       {76},
  pages =        {579--581},
}

@ARTICLE{newAnts3,
  AUTHOR =       {R. Beckers and J.L. Deneubourg and S. Goss},
  TITLE =        {Trails and U-turns in the selection of the shortest path by
the ant Lasius Niger},
  JOURNAL =      {Journal of Theoretical Biology},
  YEAR =         {1992},
  volume =       {159},
  pages =        {397--415},
}

@ARTICLE{MultiAgentBiology1,
  AUTHOR =       {R.C.Arkin and T.Balch},
  TITLE =        {AuRA: Principles and Practice in Review},
  JOURNAL =      {Journal of Experimental and Theoretical Artificial
Intelligence},
  YEAR =         {1997},
  volume =       {9},
  number =       {2/3},
  pages =        {175--188},
}

@ARTICLE{survey3,
  AUTHOR =       {R.C.Arkin},
  TITLE =        {Integrating Behavioral, Perceptual, and World Knowledge in
Reactive Navigation},
  JOURNAL =      {Robotics and Autonomous Systems},
  YEAR =         {1990},
  volume =       {6},
  pages =        {105--122},
}

@ARTICLE{survey16,
  AUTHOR =       {T.R.Balch and R.C.Arkin},
  TITLE =        {Communication in Reactive Multiagent Robotic Systems},
  JOURNAL =      {Autonomous Robots},
  YEAR =         {1994},
  volume =       {1},
  number =       {1},
  pages =        {1--25},
}

@ARTICLE{survey20,
  AUTHOR =       {R.A.Brooks},
  TITLE =        {A Robust Layered Control System for a Mobile Robot},
  JOURNAL =      {IEEE Journal of Robotics and Automation},
  YEAR =         {1986},
  volume =       {RA-2},
  number =       {1},
  pages =        {14--23},
  month =        {March},
}

@INPROCEEDINGS{survey26,
  AUTHOR =       {J.Deneubourg and S.Goss and G.Sandini and F.Ferrari and P.
Dario},
  TITLE =        {Self-Organizing Collection and Transport of Objects in
Unpredictable Environments},
  BOOKTITLE =    {Japan-U.S.A. Symposium on Flexible Automation},
  YEAR =         {1990},
  pages =        {1093-1098},
  address =      {Kyoto, Japan},
}

@INPROCEEDINGS{survey28,
  AUTHOR =       {A.Drogoul and J.Ferber},
  TITLE =        {From Tom Thumb to the Dockers: Some Experiments With Foraging
Robots},
  BOOKTITLE =    {International Conference on Simulation of Adaptive Behavior},
  YEAR =         {1992},
  pages =        {451-459},
  address =      {Honolulu, Hawaii},
}

@INBOOK{survey34,
  AUTHOR =       {T.Haynes and S.Sen},
  TITLE =        {Adaptation and Learning in Multi-Agent Systems},
  CHAPTER =      {Evolving Behavioral Strategies in Predators and Prey},
  pages =        {113--126},
  PUBLISHER =    {Springer},
  YEAR =         {1986},
}

@INPROCEEDINGS{survey35,
  AUTHOR =       {L.Hugues},
  TITLE =        {Collective Grounded Representations for Robots},
  BOOKTITLE =    {International Conference on Distributed Autonomous Robotic Systems (DARS 2000)},
  YEAR =         {2000},
  pages =        {79--88},
}

@ARTICLE{survey36,
  AUTHOR =       {D.Jung and A.Zelinsky},
  TITLE =        {Grounded Symbolic Communication Between Heterogeneous
Cooperating Robots},
  JOURNAL =      {Autonomous Robots},
  YEAR =         {2000},
  volume =       {8},
  number =       {3},
  pages =        {269--292},
  month =        {July},
}

@INPROCEEDINGS{survey44,
  AUTHOR =       {M.J.Mataric},
  TITLE =        {Designing Emergent Behaviors: From Local Interactions to
Collective Intelligence},
  BOOKTITLE =    {International Conference on Simulation of Adaptive Behavior},
  YEAR =         {1992},
  editor =       {J.Meyer and H.Roitblat and S.Wilson},
  pages =        {432--441},
  address =      {Honolulu, Hawaii},
  publisher =    {MIT Press},
}

@ARTICLE{survey51,
  AUTHOR =       {E.Pagello and A.DAngelo and F.Montesello and F.Garelli and C.
Ferrari},
  TITLE =        {Cooperative Behaviors in Multi-Robot Systems Through Implicit
Communication},
  JOURNAL =      {Robotics and Autonomous Systems},
  YEAR =         {1999},
  volume =       {29},
  number =       {1},
  pages =        {65--77},
}

@INBOOK{CC,
  AUTHOR =       {I.A.~Wagner and A.M.~Bruckstein},
  TITLE =        {Communications, Computation, Control, and Signal Processing:
A Tribute to Thomas Kailath},
  CHAPTER =      {Cooperative Cleaners: A Case of Distributed Ant-Robotics},
  pages =        {289--308},
  PUBLISHER =    {Kluwer Academic Publishers},
  YEAR =         {1997},
  address =      {The Netherlands},
}


@book{ sgall97line,
  author = "J. Sgall",
  title = "Line scheduling --- a survey, On-Line Algorithms",
  series = "Lecture Notes in Computer Science",
  publisher = "Springer-Verlag, Berlin",
  year = "1997"}


  @misc{jain98stateart,
  author = "A. Jain and S. Meeran",
  title = "A state-of-the-art review of job-shop scheduling techniques",
  text = "Technical report, Department of Applied Physics, Electronic
    and Mechanical Engineering, University of Dundee, Dundee, Scotland, 1998.",
  year = "1998",
  url = "citeseer.ist.psu.edu/jain98stateart.html" }


  @incollection{ karger97scheduling,
    author = "D. Karger and C. Stein and J. Wein",
    title = "Scheduling algorithms",
    booktitle = "Handbook of Algorithms and Theory of Computation",
    publisher = "CRC Press",
    editor = "M. J. Atallah",
    year = "1997",
    url = "citeseer.ist.psu.edu/karger97scheduling.html" }


@book{ Leung2004handbookOfScheduling,
    author = "J.  Leung and J. H. Anderson",
    title = "Handbook of Scheduling",
    publisher = "CRC Press",
    year = "May 1, 2004"}

@inproceedings{Sorensen2003DistanceMeasuresBasedOnEditDistance,
   author="K. Sorensen",
       title="Distance measures based on the edit distance for permutation type representations",
       booktitle="Workshop on Analysis and Design of Representations and Operators",
       pages="29--35",
       address="Chicago, USA.",
       year= 2003}

@inproceedings{Sorensen2005PermutationDistanceMeasures,
   author="K. Sorensen and M. Reimann and C. Prins",
       title="Permutation distance measures for memetic algorithms with population management",
       booktitle="MIC 6th Metaheuristics International Conference",
       address="Vienna, Austria",
       year= 2005}

@book{Hausdoff1914HausdoffDistance,
     author="F. Hausdorf",
     title="Grundzuege der Mengenlehre",
     publisher="Viet, Leipzig",
     year=1914}

@inproceedings{ARKIN90,
   author="E. Arkin and L. P. Chew and D. P. Huttenlovher and K. Kedem and J. S. B. Mitcjell",
       title="An efficiently computable metrics for comparing polygonal shapes",
       booktitle="ACM-SIAM Symposium on Discrete Algoritmhs",
       year= 1990}

@article {Atallah93,
author = "M. J. Atallah",
title = "A linear time algorithm for the Hausdorff distance between convex polygons",
journal = "Information Processing Letters",
volume = "17",
pages = "207--209",
year = "1983"}

@inproceedings{REPLAN2000,
   author="O. Brock  and K. Oussama",
       title="Real-Time Replanning in High-Dimensional Configuration Spaces Using Sets of Homotopic Paths",
       booktitle="IEEE International Conference on Robotics and Automation",
       pages="550--555",
       address="San Francisco, USA",
       year= 2000}




@inproceedings{ijcai03,
author = "R. E. Korf",
title =  "Delayed duplicate detection: Extended abstract",
booktitle = "International Joint Conference on Artificial Intelligence (IJCAI-03)",
year = "2003",
pages = "1539-1541"}


@inproceedings{ijcai07,
author = "R. E. Korf and A. Felner",
title =  "Recent progress in heuristic search: {A} case study of the Four-peg {Towers of Hanoi} problem",
booktitle = "International Joint Conference on Artificial Intelligence (IJCAI-07)",
year = "2007",
pages = "2324-2329"}

@inproceedings {aaai04,
author =  "R. E. Korf",
title = "Best-first frontier search with delayed duplicate detection",
booktitle = "National Conference on Artificial Intelligence (AAAI-2004)",
pages = "650-657",
year =  "2004"}

@inproceedings {aaai05,
author =  "R. E. Korf and P. Shultze",
title = "Large-scale, parallel breadth-first search",
booktitle = "National Conference on Artificial Intelligence (AAAI-2005)",
pages = "1380-1385",
year =  "2005"}

@article {frontier,
author = "R. E. Korf and W. Zhang and I. Thayer and H. Hohwald",
title = "Frontier search",
journal = "Journal of the JACM",
volume = "52",
number = "5",
month = "September",
year = "2005",
pages = "715-748"}


@article {stewart,
author = "B.M. Stewart",
title = "Solution to advanced problem 3918",
journal = "American Mathematical Monthly",
volume = "48",
year = "1941",
pages = "217-219"}


@article {bfhs,
author =  "R. Zhou and E. Hansen",
title = "Breadth-first heuristic search",
journal = "Artificial Intelligence",
volume = "170",
number = "4-5",
pages = "385-408",
year =  "2006"}


@article{DBLP:journals/ai/Martelli77,
  author    = {A. Martelli},
  title     = {On the Complexity of Admissible Search Algorithms},
  journal   = {Artificial Intelligence},
  volume    = {8},
  number    = {1},
  year      = {1977},
  pages     = {1-13},
  bibsource = {DBLP, http://dblp.uni-trier.de}
}



@inproceedings {Munagala+Ranade,
author = "K. Munagala and A. Ranade",
title = "I/O Complexity of graph algorithms",
booktitle = "Annual Symposium on Discrete Algorithms",
publisher = "ACM-SIAM",
year = "1999",
pages = "687-694"}

@article {myrvold+ruskey,
author =  "W. Myrvold and F. Ruskey",
title = "Ranking and unranking permutations in linear time",
journal = "Information Processing Letters",
volume = "79",
pages = "281-284",
year =  "2001"}


@article {lincon,
author =  "O. Hansson and A. Mayer and M. Yung",
title = "Criticizing solutions to relaxed models yields powerful admissible heuristics",
journal = "Information Sciences",
volume = "63(3)",
pages = "207-227",
year =  "1992"}

@article {SKOENIG2001,
author =  "S. Koenig",
title = "Agent-Centered Search",
journal = "Artificial Intelligence Magazine",
volume = "22(4)",
pages = "109--131",
year =  "2001"}




@proceedings{DBLP:conf/aaai/2007,
booktitle = "National Conference on Artificial Intelligence (AAAI-2007)",
publisher = {AAAI Press},
year = {2007},
isbn = {978-1-57735-323-2},
bibsource = {DBLP, http://dblp.uni-trier.de}
}

@inproceedings{DBLP:conf/ecml/ShaniBS06,
author = {Guy Shani and
Ronen I. Brafman and
Solomon Eyal Shimony},
title = {Prioritizing Point-Based {POMDP} Solvers},
booktitle = {ECML},
year = {2006},
pages = {389-400},
ee = {http://dx.doi.org/10.1007/11871842_38},
bibsource = {DBLP, http://dblp.uni-trier.de}
}

@proceedings{DBLP:conf/ecml/2006,
editor = {Johannes F{\"u}rnkranz and
Tobias Scheffer and
Myra Spiliopoulou},
title = {Machine Learning: ECML 2006, 17th European Conference on
Machine Learning, Berlin, Germany, September 18-22, 2006,
Proceedings},
booktitle = {ECML},
publisher = {Springer},
series = {Lecture Notes in Computer Science},
volume = {4212},
year = {2006},
isbn = {3-540-45375-X},
bibsource = {DBLP, http://dblp.uni-trier.de}

}
@inproceedings{DBLP:conf/aaai/Hansen07,
author = {Eric A. Hansen},
title = {Indefinite-Horizon {POMDP}s with Action-Based Termination},
booktitle = "National Conference on Artificial Intelligence (AAAI-2007)",
year = {2007},
pages = {1237-1242},
bibsource = {DBLP, http://dblp.uni-trier.de}
}

@book{Puterman,
author = {M.~Puterman},
title = {Markov Decision Processes},
publisher = {Wiley},
address = {New York},
year = {1994}
}

@inproceedings{Pineau,
author = "J.~Pineau and G.~Gordon and S.~Thrun",
title = {Point-Based Value Iteration: An Anytime Algorithm for {POMDP}s},
month = "August",
year = "2003",
       booktitle="International Joint Conference on Artificial Intelligence (IJCAI-03)",
pages = "1025 - 1032"
}

@article{HeckermanVOI,
author = {D. Heckerman and E. Horvitz and B. Middleton},
title = {An Approximate Nonmyopic Computation for Value of Information},
journal = {IEEE Trans. Pattern Anal. Mach. Intell.},
volume = {15},
number = {3},
year = {1993},
issn = {0162-8828},
pages = {292--298},
doi = {http://dx.doi.org/10.1109/34.204912},
publisher = {IEEE Computer Society},
address = {Washington, DC, USA},
}

@article{DUALJUR,
  author    = {U. Zahavi and
               A. Felner and
               R. C. Holte and
               J. Schaeffer},
  title     = {Duality in permutation state spaces and the dual search
               algorithm},
  journal   = {Artificial Intelligence},
  volume    = {172},
  number    = {4--5},
  year      = {2008},
  pages     = {514--540},
  ee        = {http://dx.doi.org/10.1016/j.artint.2007.10.019},
  bibsource = {DBLP, http://dblp.uni-trier.de}
}

@inproceedings{DBLP:conf/aaai/Korf07,
  author    = {R. E. Korf},
  title     = {Analyzing the Performance of Pattern Database Heuristics},
  booktitle = "National Conference on Artificial Intelligence (AAAI-2007)",
  year      = {2007},
  pages     = {1164-1170},
  bibsource = {DBLP, http://dblp.uni-trier.de}
}

@article {JAIRTOBY,
author = "B. Hnich and B. Smith and T. Walsh",
title = "Dual Modelling of Permutation and Injection Problems",
journal = "Journal of Artificial Intelligence Research",
volume = "21",
pages = "357--391",
year = "2004"}

@article{DBLP:journals/ai/ZhouH06,
  author    = {Rong Zhou and
               Eric A. Hansen},
  title     = {Breadth-first heuristic search},
  journal   = {Artificial Intelligence},
  volume    = {170},
  number    = {4-5},
  year      = {2006},
  pages     = {385-408},
  ee        = {http://dx.doi.org/10.1016/j.artint.2005.12.002},
  bibsource = {DBLP, http://dblp.uni-trier.de}
}

@article{Mahanti97,
  author = {A. Mahanti and S. Ghosh and D. Nau and A. Pal and L. Kanal},
  title = {On the Asymptotic Performance of {IDA*}},
  journal = {Annals of Mathematics and Artificial Intelligence},
  volume = {20},
  number = {1--4},
  year = {1997},
  pages = {161--193},
}


@inproceedings{PRED08,
  author    = {U. Zahavi and
               A. Felner and
               N. Burch and
               R. C. Holte},
  title     = {Predicting the Performance of {IDA*} with Conditional Distributions},
  booktitle = "National Conference on Artificial Intelligence (AAAI-2008)",
  year      = {2008},
  pages     = {381-386},
  bibsource = {DBLP, http://dblp.uni-trier.de}
}


@incollection{DBLP:series/sci/BeniaminyYZZ09,
  author    = {Israel Beniaminy and
               Dovi Yellin and
               U. Zahavi and
               Marko Zerdin},
  title     = {When the Rubber Meets the Road: Bio-inspired Field Service
               Scheduling in the Real World},
  booktitle = {Bio-inspired Algorithms for the Vehicle Routing Problem},
  year      = {2009},
  pages     = {191-213},
  ee        = {http://dx.doi.org/10.1007/978-3-540-85152-3_9},
  bibsource = {DBLP, http://dblp.uni-trier.de}
}

@article{JAIRAdditiveSSA,
  author    = {F. Yang and
               J. Culberson and
               R. C. Holte and
               U. Zahavi and
               A. Felner},
  title     = {A General Theory of Additive State Space Abstractions},
        journal="Journal of Artificial Intelligence Research",
  volume    = {32},
  year      = {2008},
  pages     = {631-662},
}

@article{ADBAIJ02,
  author    = {R. E. Korf and
               A. Felner},
  title     = {Disjoint pattern database heuristics},
  journal   = {Artificial Intelligence},
  volume    = {134},
  number    = {1-2},
  year      = {2002},
  pages     = {9-22},
  ee        = {http://dx.doi.org/10.1016/S0004-3702(01)00092-3},
  bibsource = {DBLP, http://dblp.uni-trier.de}
}

@mastersthesis{ZhangMaster08,
       author="Z. Zhang",
       title="Single Agent Search with Addmissible Inconsistent Heuristics",
       school="Department of Computer Science, University of Alberta",
       address="Canada",
       year=2008}





@InProceedings{CPDBsara,
  author =  "A. Felner and N. Sturtevant and  J. Schaeffer ",
  title =   "Abstraction-Based Heuristics with True Distance Computations",
       booktitle="Symposium on Abstraction, Reformulation and Approximation (SARA-09)",
  year =    "2009"
}

@InProceedings{CPDB,
  author =  "N. Sturtevant and A. Felner and M. Barer and J. Schaeffer and N. Burch",
  title =   "Memory-Based Heuristics for Explicit State Spaces",
       booktitle="International Joint Conference on Artificial Intelligence (IJCAI-09)",
  pages = "609-614",
  year =    "2009"
}

@InProceedings{IncAStar,
  author =  "Z. Zhang and N. Sturtevant and J. Schaeffer and R.C. Holte and A. Felner",
  title =   "{A*} Search with Inconsistent Heuristics",
       booktitle="International Joint Conference on Artificial Intelligence (IJCAI-09)",
       pages= "634-639",
  year =    "2009",
}


@inproceedings{BONET2006,
  author    = {Bonet, Blai and
                Geffner, H{\'e}ctor},
  title     = {Learning Depth-First Search: A Unified Approach to Heuristic
               Search in Deterministic and Non-Deterministic Settings,
               and Its Application to {MDP}s},
  booktitle = "International Conference on Automated Planning and Scheduling (ICAPS-06)",
  year      = {2006},
  pages     = {142-151},
}

@inproceedings{Domshlak2010,
  author    = {Carmel Domshlak and Erez Karpas and Shaul Markovitch},
  title     = {To Max or not to Max: Online Learning for Speeding Up Optimal Planning},
  booktitle = {National Conference on Artificial Intelligence (AAAI-07)},
  year      = {2010}
}

@inproceedings{lelis2011etruncation,
  author    = {L. Lelis and S. Zilles and R. C. Holte},
  title     = {Improved Prediction of {IDA*}Ã¢Â€Â™s Performance via $\epsilon$-Truncation},
  booktitle = {Symposium on Combinatorial Search (SOCS)},
  year      = {2011}
}

@inproceedings{KhorshidHS11,
  author    = {M. M. Khorshid and
               R. C. Holte and
               N. R. Sturtevant},
  title     = {A Polynomial-Time Algorithm for Non-Optimal Multi-Agent
               Pathfinding},
  booktitle = {Symposium on Combinatorial Search (SOCS)},
  year      = {2011}
}

@inproceedings{LunaB11,
  author    = {R. Luna and
               K. E. Bekris},
  title     = {Push and Swap: Fast Cooperative Path-Finding with Completeness
               Guarantees},
  booktitle = {IJCAI},
  year      = {2011},
  pages     = {294-300}
}

@inproceedings{conf/aaai/CBS12,
 title={Conflict-Based Search For Optimal Multi-Agent Path Finding},
  author={Sharon, Guni and Stern, Roni and Felner, Ariel and Sturtevant, Nathan R.},
  booktitle={AAAI},
  year={2012}
}

@inproceedings{GUNI2,
  title={Meta-Agent Conflict-Based Search For Optimal Multi-Agent Path Finding},
  author={G. Sharon and R. Stern and A. Felner and N. Sturtevant},
  booktitle={Symposium on Combinatorial Search (SOCS)},
  year={2012}
}

@inproceedings{ICBS,
  title={Improved Conflict-Based Search For Optimal Multi-Agent Path Finding},
  author={E. Boyarski and A. Felner and R. Stern and Guni Sharon and E. Shimony and O. Bezalel and D. Tolpin},
  booktitle={IJCAI},
  year={2015}
}


@inproceedings{BP2015,
  author    = {E. Boyarski and
               A. Felner and
               G. Sharon and
               R. Stern},
  title     = {Don't Split, Try To Work It Out: Bypassing Conflicts in Multi-Agent
               Pathfinding},
  booktitle = {ICAPS},
  pages     = {47--51},
  year      = {2015}
}


@inproceedings{Felner2012,
   title={Partial-Expansion {A}* with Selective Node Generation},
  author={Felner, Ariel and Goldenberg, Meir and Sharon, Guni and Stern, Roni and Beja, Tal and Sturtevant, Nathan R. and Schaeffer, Jonathan and Holte, Robert},
  booktitle={AAAI},
  year={2012}
}

@article{EPEJAIR,
  author    = {Goldenberg, Meir and Felner, Ariel and
               Stern, Roni and
               Sharon, Guni and
               Sturtevant, Nathan R. and
              Holte, Robert C. and
               Schaeffer, Jonathan},
  title     = {Enhanced Partial Expansion {A}*},
  journal   = {JAIR},
  volume    = {50},
  year      = {2014},
  pages     = {141-187}
}


@inproceedings{DBLP:conf/socs/GoldenbergFSHS13,
  author    = {M. Goldenberg and
               Ariel Felner and
               N. R. Sturtevant and
               R. C. Holte and
               J. Schaeffer},
  title     = {Optimal-Generation Variants of {EPEA}},
  booktitle = {SoCS},
  year      = {2013}
}


@article{lavalle96optimalmotion,
  title={Optimal motion planning for multiple robots having independent goals},
  author={LaValle, Steven M. and Hutchinson, Seth A.},
  journal={Robotics and Automation},
  volume={14},
  number={6},
  pages={912--925},
  year={1998},
  publisher={IEEE}
}

@inproceedings{GOLWS,
  author    = {M. Goldenberg and
               A. Felner and
               R. Stern and
               J. Schaeffer},
  title     = {{A* Variants for Optimal Multi-Agent Pathfinding}},
  booktitle = {Workshop on Multi-agent Path finsing. Colocated with AAAI-2012},
  year      = {2012}
}

@inproceedings{DBLP:conf/socs/GoldenbergFSS12,
  author    = {Meir Goldenberg and
               Ariel Felner and
               Roni Stern and
               Jonathan Schaeffer},
  title     = {{A* Variants for Optimal Multi-Agent Pathfinding}},
  booktitle = {SOCS},
  year      = {2012}
}
@inproceedings{Yoshizumi:2000:PEL:647288.721436,
 author = {Yoshizumi, Takayuki and Miura, Teruhisa and Ishida, Toru},
 title = {A* with Partial Expansion for Large Branching Factor Problems},
 booktitle = {Proceedings of the Seventeenth National Conference on Artificial Intelligence and Twelfth Conference on Innovative Applications of Artificial Intelligence},
 year = {2000},
 isbn = {0-262-51112-6},
 pages = {923--929},
 numpages = {7},
 url = {http://dl.acm.org/citation.cfm?id=647288.721436},
 acmid = {721436},
 publisher = {AAAI Press},
}

@article{sturtevant2012benchmarks,
  title={Benchmarks for grid-based pathfinding},
  author={Sturtevant, Nathan R.},
  journal={Computational Intelligence and AI in Games},
  volume={4},
  number={2},
  pages={144--148},
  year={2012},
  publisher={IEEE}
}

@inproceedings{ICTS,
  author    = {Guni Sharon and
               Roni Stern and
               Meir Goldenberg and
               Ariel Felner},
  title     = {The Increasing Cost Tree Search for Optimal Multi-Agent
               Pathfinding},
  booktitle = {IJCAI},
  year      = {2011},
  pages     = {662-667}
}

@inproceedings{ICTSp,
  author    = {Guni Sharon and
               Roni Stern and
               Meir Goldenberg and
               Ariel Felner},
  title     = {Pruning Techniques for the Increasing Cost Tree Search for
               Optimal Multi-agent Pathfinding},
  booktitle = {Symposium on Combinatorial Search (SOCS)},
  year      = {2011}
}




@inproceedings{DBLP:conf/iros/WagnerC11,
   title={M*: A complete multirobot path planning algorithm with performance bounds},
  author={Wagner, Glenn and Choset, Howie},
  booktitle={Intelligent Robots and Systems (IROS)},
  pages={3260--3267},
  year={2011},
}

@inproceedings{Broch:1998:PCM:288235.288256,
  title={A performance comparison of multi-hop wireless ad hoc network routing protocols},
  author={Broch, Josh and Maltz, David A. and Johnson, David B. and Hu, Yih-Chun and Jetcheva, Jorjeta},
  booktitle={Proceedings of the international conference on Mobile computing and networking},
  pages={85--97},
  year={1998},
  organization={ACM}
}
@inproceedings{DBLP:conf/aaai/Surynek10,
  title={An Optimization Variant of Multi-Robot Path Planning Is Intractable},
  author={Surynek, Pavel},
  booktitle={AAAI},
  year={2010}
}
@inproceedings{DBLP:conf/aaai/YuL13,
  author    = {Jingjin Yu and
               Steven M. LaValle},
  title     = {Structure and Intractability of Optimal Multi-Robot Path
               Planning on Graphs},
  booktitle = {AAAI},
  year      = {2013},
}


@inproceedings{Standley10,
  title={Finding Optimal Solutions to Cooperative Pathfinding Problems},
  author={Standley, Trevor S.},
  booktitle={AAAI},
  year={2010}
}


@inproceedings{kornhauser1984coordinating,
  title={Coordinating Pebble Motion On Graphs, The Diameter Of Permutation Groups, And Applications},
  author={D. Kornhauser and G. Miller and P. Spirakis},
  booktitle={Symposium on Foundations of Computer Science},
  pages={241--250},
  year={1984},
  organization={IEEE}
}


@article{DBLP:journals/corr/abs-1107-0041,
  title={{PHA}*: finding the shortest path with {A}* in an unknown physical environment},
  author={Felner, Ariel and Stern, Roni and Kraus, Sarit and Ben-Yair, Asaph and Netanyahu, Nathan S.},
  journal={Journal of Artificial Intelligence Research},
  volume={21},
  pages={631--670},
  year={2004}
}
@article{DBLP:journals/jair/WangB11,
   title={MAPP: a scalable multi-agent path planning algorithm with tractability and completeness guarantees},
  author={Wang, Ko-Hsin Cindy and Botea, Adi},
  journal={JJAIR},
  volume={42},
  number={1},
  pages={55--90},
  year={2011}
}

@article{DBLP:journals/algorithmica/ErdmannL87,
  title={On multiple moving objects},
  author={Erdmann, Michael and Lozano, Tomas},
  journal={Algorithmica},
  volume={2},
  number={1-4},
  pages={477--521},
  year={1987},
  publisher={Springer}
}
@inproceedings{DBLP:conf/atal/WildeMW13,
  title={Push and rotate: cooperative multi-agent path planning},
  author={de Wilde, Boris and ter Mors, Adriaan W. and Witteveen, Cees},
  booktitle={AAMAS},
  pages={87--94},
  year={2013},
}

%No page numbers for this publication, I cheaked the conference proceedings


@article{peasgood2006complete,
  title={Complete and scalable multi-robot planning in tunnel environments},
  author={Peasgood, Mike and McPhee, John and Clark, Christopher M.},
  journal={Computer Science and Software Engineering},
  pages={75},
  year={2006}
}


@inproceedings{DBLP:conf/icra/FernerWC13,
  author    = {Cornelia Ferner and
               Glenn Wagner and
               Howie Choset},
  title     = {{ODrM}* optimal multirobot path planning in low dimensional
               search spaces},
  booktitle = {ICRA},
  year      = {2013},
  pages     = {3854--3859}
}

@inproceedings{surynek2012towards,
  title={Towards optimal cooperative path planning in hard setups through satisfiability solving},
  author={Surynek, Pavel},
  booktitle={Pacific Rim International Conference on Artificial Intelligence},
  pages={564--576},
  year={2012},
  organization={Springer}
}

@inproceedings{yu2013planning,
  title={Planning optimal paths for multiple robots on graphs},
  author={Yu, Jingjin and LaValle, Steven M.},
  booktitle={ICRA},
  pages={3612--3617},
  year={2013},
}
@inproceedings{erdem2013general,
  title={A general formal framework for pathfinding problems with multiple agents},
  author={Erdem, Esra and Kisa, Doga G. and Oztok, Umut and Schueller, Peter},
  booktitle={AAAI},
  year={2013}
}
@inproceedings{YuRus14WAFR,
author = {Jingjin. Yu and Daniela. Rus},
title = {Pebble Motion on Graphs with Rotations: Efficient Feasibility Tests and Planning Algorithms},
booktitle={Eleventh Workshop on the Algorithmic Fundations of Robotics},
year={2014},
}

@inproceedings{DBLP:conf/wafr/YuL12,
  author    = {Jingjin Yu and
               Steven M. LaValle},
  title     = {Multi-agent Path Planning and Network Flow},
  booktitle = {Algorithmic Foundations of Robotics {X} - Proceedings of the Tenth
               Workshop on the Algorithmic Foundations of Robotics, {WAFR} 2012,
               MIT, Cambridge, Massachusetts, USA, June 13-15 2012},
  year      = {2012},
  pages     = {157--173},
  crossref  = {DBLP:conf/wafr/2012},
  url       = {http://dx.doi.org/10.1007/978-3-642-36279-8_10},
  doi       = {10.1007/978-3-642-36279-8_10},
  timestamp = {Fri, 14 Nov 2014 18:19:19 +0100},
  biburl    = {http://dblp.uni-trier.de/rec/bib/conf/wafr/YuL12},
  bibsource = {dblp computer science bibliography, http://dblp.org}
}

@article{cohen2013single,
  title={Single-and dual-arm motion planning with heuristic search},
  author={Cohen, Benjamin and Chitta, Sachin and Likhachev, Maxim},
  journal={The International Journal of Robotics Research},
  year={2013}
}


@article{bhattacharya2012topological,
  title={Topological constraints in search-based robot path planning},
  author={Bhattacharya, Subhrajit and Likhachev, Maxim and Kumar, Vijay},
  journal={Autonomous Robots},
  volume={33},
  number={3},
  pages={273--290},
  year={2012}
}


@article{wagner2015subdimensional,
    title={Subdimensional expansion for multirobot path planning},
    author={Wagner, Glenn and Choset, Howie},
    journal={Artificial Intelligence},
    volume={219},
    pages={1--24},
    year={2015},
    publisher={Elsevier}
}




@article{sharon2013increasing,
    title={The increasing cost tree search for optimal multi-agent pathfinding},
    author={Sharon, Guni and Stern, Roni and Goldenberg, Meir and Felner, Ariel},
    journal={Artificial Intelligence},
    volume={195},
    pages={470--495},
    year={2013},
    publisher={Elsevier}
}


@article{sharon2015conflict,
    title={Conflict-based search for optimal multi-agent pathfinding},
    author={Sharon, Guni and Stern, Roni and Felner, Ariel and Sturtevant, Nathan R},
    journal={Artificial Intelligence},
    volume={219},
    pages={40--66},
    year={2015},
    publisher={Elsevier}
}


@inproceedings{surynek2016empirical,
    title={An Empirical Comparison of the Hardness of Multi-Agent Path Finding under the Makespan and the Sum of Costs Objectives},
    author={Surynek, Pavel and Felner, Ariel and Stern, Roni and Boyarski, Eli},
    booktitle={Symposium on Combinatorial Search ({SoCS})},
    year={2016}
}

@inproceedings{Korf:1997:FOS:1867406.1867515,
 author = {Korf, Richard E.},
 title = {Finding Optimal Solutions to Rubik's Cube Using Pattern Databases},
 booktitle = {Proceedings of the Fourteenth National Conference on Artificial Intelligence and Ninth Conference on Innovative Applications of Artificial Intelligence},
 series = {AAAI'97/IAAI'97},
 year = {1997},
 isbn = {0-262-51095-2},
 location = {Providence, Rhode Island},
 pages = {700--705},
 numpages = {6},
 acmid = {1867515},
 publisher = {AAAI Press},
}

@inproceedings{bruni2013robust,
  title={Robust multi-agent collision avoidance through scheduling},
  author={Bruni, Leonardo and Colombo, Alessandro and Del Vecchio, Domitilla},
  booktitle={Decision and Control (CDC), 2013 IEEE 52nd Annual Conference on},
  pages={3944--3950},
  year={2013},
  organization={IEEE}
}


@inproceedings{proper2009solving,
  title={Solving multiagent assignment markov decision processes},
  author={Proper, Scott and Tadepalli, Prasad},
  booktitle={Proceedings of The 8th International Conference on Autonomous Agents and Multiagent Systems-Volume 1},
  pages={681--688},
  year={2009},
  organization={International Foundation for Autonomous Agents and Multiagent Systems}
}


@inproceedings{koenig2006real,
  title={Real-time adaptive A},
  author={Koenig, Sven and Likhachev, Maxim},
  booktitle={Proceedings of the fifth international joint conference on Autonomous agents and multiagent systems},
  pages={281--288},
  year={2006},
  organization={ACM}
}

@book{thie1983markov,
  title={Markov decision processes},
  author={Thie, Paul R},
  year={1983},
  publisher={Comap, Incorporated}
}

@inproceedings{boutilier1996planning,
  title={Planning, learning and coordination in multiagent decision processes},
  author={Boutilier, Craig},
  booktitle={Proceedings of the 6th conference on Theoretical aspects of rationality and knowledge},
  pages={195--210},
  year={1996}
}


@inproceedings{DBLP:conf/socs/AtzmonSFWBZ18,
  author    = {D. Atzmon and
               R. Stern and
               A. Felner and
               G. Wagner and
               R. Bart{\'{a}}k and
               N. F. Zhou},
  title     = {Robust Multi-Agent Path Finding},
  booktitle = {SOCS},
  pages     = {2--9},
  year      = {2018}
}

@inproceedings{FelnerLB00KK18,
  author    = {Ariel Felner and
               Jiaoyang Li and
               Eli Boyarski and
               Hang Ma and
               Liron Cohen and
               T. K. Satish Kumar and
               Sven Koenig},
  title     = {Adding Heuristics to Conflict-Based Search for Multi-Agent Path Finding},
  booktitle = {Proceedings of the Twenty-Eighth International Conference on Automated
               Planning and Scheduling, {ICAPS} 2018, Delft, The Netherlands, June
               24-29, 2018.},
  pages     = {83--87},
  year      = {2018}
}
