%%% GNNS
@article{sage,
  title={Inductive representation learning on large graphs},
  author={Hamilton, Will and Ying, Zhitao and Leskovec, Jure},
  journal={Advances in neural information processing systems},
  volume={30},
  year={2017}
}

@article{gcn,
    title={Semi-Supervised Classification with Graph Convolutional Networks},
    author={Kipf, N. Thomas and Welling, Max},
    journal={international conference on learning representations},
    year={2017}
}


@article{gat,
    title={Graph Attention Networks},
    author={Velickovic, Petar and Cucurull, Guillem and Casanova, Arantxa and Romero, Adriana and Liò, Pietro and Bengio, Yoshua},
    journal={ICLR},
    year={2018}
}


@article{gin,
    title={How Powerful are Graph Neural Networks?},
    author={Xu, Keyulu and Hu, Weihua and Leskovec, Jure and Jegelka, Stefanie},
    journal={international conference on learning representations},
    year={2019}
}

@inproceedings{intentgc,
  title={Intentgc: a scalable graph convolution framework fusing heterogeneous information for recommendation},
  author={Zhao, Jun and Zhou, Zhou and Guan, Ziyu and Zhao, Wei and Ning, Wei and Qiu, Guang and He, Xiaofei},
  booktitle={SIGKDD},
  pages={2347--2357},
  year={2019}
}

@inproceedings{mpnn,
  title={Neural message passing for quantum chemistry},
  author={Gilmer, Justin and Schoenholz, Samuel S and Riley, Patrick F and Vinyals, Oriol and Dahl, George E},
  booktitle={ICML},
  pages={1263--1272},
  year={2017},
  organization={PMLR}
}

@article{link-prediction,
  title={Knowledge graph embedding via graph attenuated attention networks},
  author={Wang, Rui and Li, Bicheng and Hu, Shengwei and Du, Wenqian and Zhang, Min},
  journal={IEEE Access},
  volume={8},
  pages={5212--5224},
  year={2019},
  publisher={IEEE}
}

@article{graph-classification,
    title={An End-to-End Deep Learning Architecture for Graph Classification},
    author={Zhang, Muhan and Cui, Zhicheng and Neumann, Marion and Chen, Yixin},
    journal={Proceedings of the AAAI Conference on Artificial Intelligence},
    pages={4438--4445},
    year={2018}
}

@article{yang-graph-classification,
  title={Graph substructure assembling network with soft sequence and context attention},
  author={Yang, Yaming and Guan, Ziyu and Zhao, Wei and Lu, Weigang and Zong, Bo},
  journal={IEEE Transactions on Knowledge and Data Engineering},
  volume={35},
  number={5},
  pages={4894--4907},
  year={2022},
  publisher={IEEE}
}

@article{distribution,
  title={On the distribution alignment of propagation in graph neural networks},
  author={Zheng, Qinkai and Xia, Xiao and Zhang, Kun and Kharlamov, Evgeny and Dong, Yuxiao},
  journal={AI Open},
  volume={3},
  pages={218--228},
  year={2022},
  publisher={Elsevier}
}

@article{distribution_shift,
  title={Improving predictive inference under covariate shift by weighting the log-likelihood function},
  author={Shimodaira, Hidetoshi},
  journal={Journal of statistical planning and inference},
  volume={90},
  number={2},
  pages={227--244},
  year={2000},
  publisher={Elsevier}
}

%% Degree-realted

@inproceedings{wu2019net,
  title={Net: Degree-specific graph neural networks for node and graph classification},
  author={Wu, Jun and He, Jingrui and Xu, Jiejun},
  booktitle={Proceedings of the 25th ACM SIGKDD International Conference on Knowledge Discovery \& Data Mining},
  pages={406--415},
  year={2019}
}

@article{tang2020graph,
  title={Graph convolutional networks against degree-related biases},
  author={Tang, Xianfeng and Yao, Huaxiu and Sun, Yiwei and Wang, Yiqi and Tang, Jiliang and Aggarwal, Charu and Mitra, Prasenjit and Wang, Suhang},
  journal={arXiv preprint arXiv:2006.15643},
  year={2020}
}


%% deep GNNs
@article{appnp,
    title={Predict then Propagate: Graph Neural Networks meet Personalized PageRank},
    author={Klicpera, Johannes and Bojchevski, Aleksandar and Günnemann, Stephan},
    journal={ICLR},
    year={2019}
}

@article{zhang2019gresnet,
  title={Gresnet: Graph residual network for reviving deep gnns from suspended animation},
  author={Zhang, Jiawei and Meng, Lin},
  journal={arXiv preprint arXiv:1909.05729},
  year={2019}
}

@inproceedings{gcnii,
  title={Simple and deep graph convolutional networks},
  author={Chen, Ming and Wei, Zhewei and Huang, Zengfeng and Ding, Bolin and Li, Yaliang},
  booktitle={International Conference on Machine Learning},
  pages={1725--1735},
  year={2020},
  organization={PMLR}
}

@inproceedings{sgc,
  title={Simplifying graph convolutional networks},
  author={Wu, Felix and Souza, Amauri and Zhang, Tianyi and Fifty, Christopher and Yu, Tao and Weinberger, Kilian},
  booktitle={International conference on machine learning},
  pages={6861--6871},
  year={2019},
  organization={PMLR}
}

@article{grand,
  title={Graph random neural networks for semi-supervised learning on graphs},
  author={Feng, Wenzheng and Zhang, Jie and Dong, Yuxiao and Han, Yu and Luan, Huanbo and Xu, Qian and Yang, Qiang and Kharlamov, Evgeny and Tang, Jie},
  journal={Advances in neural information processing systems},
  volume={33},
  pages={22092--22103},
  year={2020}
}

@inproceedings{grand++,
  title={GRAND++: Graph Neural Diffusion with A Source Term},
  author={Thorpe, Matthew and Nguyen, Tan Minh and Xia, Hedi and Strohmer, Thomas and Bertozzi, Andrea and Osher, Stanley and Wang, Bao},
  booktitle={International Conference on Learning Representations},
  year={2021}
}
%%%Graph-based semi-supervised learning
@article{wan2021contrastive,
  title={Contrastive Graph Poisson Networks: Semi-Supervised Learning with Extremely Limited Labels},
  author={Wan, Sheng and Zhan, Yibing and Liu, Liu and Yu, Baosheng and Pan, Shirui and Gong, Chen},
  journal={Advances in Neural Information Processing Systems},
  volume={34},
  year={2021}
}

%% Dataset
@inproceedings{cora,
  title={Revisiting semi-supervised learning with graph embeddings},
  author={Yang, Zhilin and Cohen, William and Salakhudinov, Ruslan},
  booktitle={International conference on machine learning},
  pages={40--48},
  year={2016},
  organization={PMLR}
}

@INPROCEEDINGS{
  4053093,  
  author={Wale, Nikil and Karypis, George},  
  booktitle={Sixth International Conference on Data Mining (ICDM'06)},   title={Comparison of Descriptor Spaces for Chemical Compound Retrieval and Classification},   
  year={2006}, 
   volume={},  
   number={},  
   pages={678-689},  
   doi={10.1109/ICDM.2006.39}
}


@article{dwivedi2020benchmarking,
    title={Benchmarking Graph Neural Networks},
    author={Prakash, Vijay Dwivedi and K., Chaitanya Joshi and Thomas, Laurent and Yoshua, Bengio and Xavier, Bresson},
    year={2020}
}

@article{coauthor,
  title={Pitfalls of graph neural network evaluation},
  author={Shchur, Oleksandr and Mumme, Maximilian and Bojchevski, Aleksandar and G{\"u}nnemann, Stephan},
  journal={arXiv preprint arXiv:1811.05868},
  year={2018}
}

@article{KarateClub,
  title={An information flow model for conflict and fission in small groups},
  author={Zachary, Wayne W},
  journal={Journal of anthropological research},
  volume={33},
  number={4},
  pages={452--473},
  year={1977},
  publisher={University of New Mexico}
}

@article{ogb,
  title={Open graph benchmark: Datasets for machine learning on graphs},
  author={Hu, Weihua and Fey, Matthias and Zitnik, Marinka and Dong, Yuxiao and Ren, Hongyu and Liu, Bowen and Catasta, Michele and Leskovec, Jure},
  journal={Advances in neural information processing systems},
  volume={33},
  pages={22118--22133},
  year={2020}
}

%%% Semi-supervised learning
@article{berthelot2019mixmatch,
  title={Mixmatch: A holistic approach to semi-supervised learning},
  author={Berthelot, David and Carlini, Nicholas and Goodfellow, Ian and Papernot, Nicolas and Oliver, Avital and Raffel, Colin A},
  journal={Advances in Neural Information Processing Systems},
  volume={32},
  year={2019}
}

@inproceedings{monet,
  title={Geometric deep learning on graphs and manifolds using mixture model cnns},
  author={Monti, Federico and Boscaini, Davide and Masci, Jonathan and Rodola, Emanuele and Svoboda, Jan and Bronstein, Michael M},
  booktitle={Proceedings of the IEEE conference on computer vision and pattern recognition},
  pages={5115--5124},
  year={2017}
}

@phdthesis{liang2005semi,
  title={Semi-supervised learning for natural language},
  author={Liang, Percy},
  year={2005},
  school={Massachusetts Institute of Technology}
}

%% degree-related
@article{albert2002statistical,
  title={Statistical mechanics of complex networks},
  author={Albert, R{\'e}ka and Barab{\'a}si, Albert-L{\'a}szl{\'o}},
  journal={Reviews of modern physics},
  volume={74},
  number={1},
  pages={47},
  year={2002},
  publisher={APS}
}

@article{faloutsos1999power,
  title={On power-law relationships of the internet topology},
  author={Faloutsos, Michalis and Faloutsos, Petros and Faloutsos, Christos},
  journal={ACM SIGCOMM computer communication review},
  volume={29},
  number={4},
  pages={251--262},
  year={1999},
  publisher={ACM New York, NY, USA}
}

@article{clauset2009power,
  title={Power-law distributions in empirical data},
  author={Clauset, Aaron and Shalizi, Cosma Rohilla and Newman, Mark EJ},
  journal={SIAM review},
  volume={51},
  number={4},
  pages={661--703},
  year={2009},
  publisher={SIAM}
}

%% over-squashing
@article{bottleneck,
  title={On the bottleneck of graph neural networks and its practical implications},
  author={Alon, Uri and Yahav, Eran},
  journal={arXiv preprint arXiv:2006.05205},
  year={2020}
}

@article{understanding-os,
    title={Understanding over-squashing and bottlenecks on graphs via curvature},
    author={Topping, Jake and Giovanni, Di Francesco and Chamberlain, Paul Benjamin and Dong, Xiaowen and Bronstein, M. Michael},
    journal={ICLR 2022},
    year={2021}
}

@article{over,
  title={On Over-Squashing in Message Passing Neural Networks: The Impact of Width, Depth, and Topology},
  author={Di Giovanni, Francesco and Giusti, Lorenzo and Barbero, Federico and Luise, Giulia and Lio, Pietro and Bronstein, Michael},
  journal={arXiv preprint arXiv:2302.02941},
  year={2023}
}

%% over-smoothig
@inproceedings{li2018deeper,
  title={Deeper insights into graph convolutional networks for semi-supervised learning},
  author={Li, Qimai and Han, Zhichao and Wu, Xiao-Ming},
  booktitle={Thirty-Second AAAI conference on artificial intelligence},
  year={2018}
}

@article{oono2020graph,
    title={Graph Neural Networks Exponentially Lose Expressive Power for Node Classification},
    author={Oono, Kenta and Suzuki, Taiji},
    journal={ICLR},
    year={2020}
}

@inproceedings{mad,
  title={Measuring and relieving the over-smoothing problem for graph neural networks from the topological view},
  author={Chen, Deli and Lin, Yankai and Li, Wei and Li, Peng and Zhou, Jie and Sun, Xu},
  booktitle={Proceedings of the AAAI conference on artificial intelligence},
  volume={34},
  number={04},
  pages={3438--3445},
  year={2020}
}

@article{skipnode,
  title={SkipNode: On Alleviating Over-smoothing for Deep Graph Convolutional Networks},
  author={Lu, Weigang and Zhan, Yibing and Guan, Ziyu and Liu, Liu and Yu, Baosheng and Zhao, Wei and Yang, Yaming and Tao, Dacheng},
  journal={arXiv preprint arXiv:2112.11628},
  year={2021}
}

@article{dropedge,
  title={Dropedge: Towards deep graph convolutional networks on node classification},
  author={Rong, Yu and Huang, Wenbing and Xu, Tingyang and Huang, Junzhou},
  journal={arXiv preprint arXiv:1907.10903},
  year={2019}
}

%% adaptive gnns
@inproceedings{star-gnn,
  title={Improving Graph Neural Networks with Structural Adaptive Receptive Fields},
  author={Ma, Xiaojun and Wang, Junshan and Chen, Hanyue and Song, Guojie},
  booktitle={Proceedings of the Web Conference 2021},
  pages={2438--2447},
  year={2021}
}

@inproceedings{geniepath,
  title={Geniepath: Graph neural networks with adaptive receptive paths},
  author={Liu, Ziqi and Chen, Chaochao and Li, Longfei and Zhou, Jun and Li, Xiaolong and Song, Le and Qi, Yuan},
  booktitle={Proceedings of the AAAI Conference on Artificial Intelligence},
  volume={33},
  number={01},
  pages={4424--4431},
  year={2019}
}

@inproceedings{asdf,
  title={Adaptive structural fingerprints for graph attention networks},
  author={Zhang, Kai and Zhu, Yaokang and Wang, Jun and Zhang, Jie},
  booktitle={International Conference on Learning Representations},
  year={2019}
}

@inproceedings{hou2019measuring,
  title={Measuring and improving the use of graph information in graph neural networks},
  author={Hou, Yifan and Zhang, Jian and Cheng, James and Ma, Kaili and Ma, Richard TB and Chen, Hongzhi and Yang, Ming-Chang},
  booktitle={International Conference on Learning Representations},
  year={2019}
}

%% deep GNNs
@inproceedings{mixhop,
  title={Mixhop: Higher-order graph convolutional architectures via sparsified neighborhood mixing},
  author={Abu-El-Haija, Sami and Perozzi, Bryan and Kapoor, Amol and Alipourfard, Nazanin and Lerman, Kristina and Harutyunyan, Hrayr and Ver Steeg, Greg and Galstyan, Aram},
  booktitle={international conference on machine learning},
  pages={21--29},
  year={2019},
  organization={PMLR}
}

@inproceedings{jknet,
  title={Representation learning on graphs with jumping knowledge networks},
  author={Xu, Keyulu and Li, Chengtao and Tian, Yonglong and Sonobe, Tomohiro and Kawarabayashi, Ken-ichi and Jegelka, Stefanie},
  booktitle={International Conference on Machine Learning},
  pages={5453--5462},
  year={2018},
  organization={PMLR}
}

@article{gprgnn,
    title={Adaptive Universal Generalized PageRank Graph Neural Network},
    author={Chien, Eli and Peng, Jianhao and Li, Pan and Milenkovic, Olgica},
    journal={ICLR},
    year={2021}
}


@inproceedings{ngcn,
  title={N-gcn: Multi-scale graph convolution for semi-supervised node classification},
  author={Abu-El-Haija, Sami and Kapoor, Amol and Perozzi, Bryan and Lee, Joonseok},
  booktitle={uncertainty in artificial intelligence},
  pages={841--851},
  year={2020},
  organization={PMLR}
}

@article{adagcn,
    title={AdaGCN: Adaboosting Graph Convolutional Networks into Deep Models},
    author={Sun, Ke and Lin, Zhouchen and Zhu, Zhanxing},
    journal={ICLR 2021},
    year={2019}
}

@article{chebnet,
  title={Convolutional neural networks on graphs with fast localized spectral filtering},
  author={Defferrard, Micha{\"e}l and Bresson, Xavier and Vandergheynst, Pierre},
  journal={Advances in neural information processing systems},
  volume={29},
  year={2016}
}

%% uncertainty 
@article{dropout,
  title={Dropout: a simple way to prevent neural networks from overfitting},
  author={Srivastava, Nitish and Hinton, Geoffrey and Krizhevsky, Alex and Sutskever, Ilya and Salakhutdinov, Ruslan},
  journal={The journal of machine learning research},
  volume={15},
  number={1},
  pages={1929--1958},
  year={2014},
  publisher={JMLR. org}
}

@inproceedings{blundell2015weight,
  title={Weight uncertainty in neural network},
  author={Blundell, Charles and Cornebise, Julien and Kavukcuoglu, Koray and Wierstra, Daan},
  booktitle={International conference on machine learning},
  pages={1613--1622},
  year={2015},
  organization={PMLR}
}

@inproceedings{mc-dropout,
  title={Dropout as a bayesian approximation: Representing model uncertainty in deep learning},
  author={Gal, Yarin and Ghahramani, Zoubin},
  booktitle={international conference on machine learning},
  pages={1050--1059},
  year={2016},
  organization={PMLR}
}

@article{kendall2017uncertainties,
  title={What uncertainties do we need in bayesian deep learning for computer vision?},
  author={Kendall, Alex and Gal, Yarin},
  journal={Advances in neural information processing systems},
  volume={30},
  year={2017}
}

@article{graves2011practical,
  title={Practical variational inference for neural networks},
  author={Graves, Alex},
  journal={Advances in neural information processing systems},
  volume={24},
  year={2011}
}

@article{lakshminarayanan2017simple,
  title={Simple and scalable predictive uncertainty estimation using deep ensembles},
  author={Lakshminarayanan, Balaji and Pritzel, Alexander and Blundell, Charles},
  journal={Advances in neural information processing systems},
  volume={30},
  year={2017}
}


@article{bayesian,
    title={Bayesian Convolutional Neural Networks with Bernoulli Approximate Variational Inference},
    author={gal, yarin and ghahramani, zoubin},
    journal={CoRR},
    year={2015}
}

%% uncertainty application
@article{uncertainty-pl,
  title={Uncertainty-aware self-training for few-shot text classification},
  author={Mukherjee, Subhabrata and Awadallah, Ahmed},
  journal={Advances in Neural Information Processing Systems},
  volume={33},
  pages={21199--21212},
  year={2020}
}


@article{uncertainty-pl-defense,
    title={In Defense of Pseudo-Labeling: An Uncertainty-Aware Pseudo-label  Selection Framework for Semi-Supervised Learning},
    author={Rizve, Nayeem Mamshad and Duarte, Kevin and Rawat, S Yogesh and Shah, Mubarak},
    journal={ICLR},
    year={2021}
}

@article{uncertainty-seg1,
  title={Rectifying pseudo label learning via uncertainty estimation for domain adaptive semantic segmentation},
  author={Zheng, Zhedong and Yang, Yi},
  journal={International Journal of Computer Vision},
  volume={129},
  number={4},
  pages={1106--1120},
  year={2021},
  publisher={Springer}
}

@inproceedings{uncertainty-seg2,
  title={Uncertainty-aware self-ensembling model for semi-supervised 3D left atrium segmentation},
  author={Yu, Lequan and Wang, Shujun and Li, Xiaomeng and Fu, Chi-Wing and Heng, Pheng-Ann},
  booktitle={International Conference on Medical Image Computing and Computer-Assisted Intervention},
  pages={605--613},
  year={2019},
  organization={Springer}
}

% PL
@inproceedings{pl,
  title={Pseudo-label: The simple and efficient semi-supervised learning method for deep neural networks},
  author={Lee, Dong-Hyun and others},
  booktitle={Workshop on challenges in representation learning, ICML},
  volume={3},
  number={2},
  pages={896},
  year={2013}
}

@article{pcl,
  title={Pseudo Contrastive Learning for Graph-based Semi-supervised Learning},
  author={Lu, Weigang and Guan, Ziyu and Zhao, Wei and Yang, Yaming and Lv, Yuanhai and Yu, Baosheng and Tao, Dacheng},
  journal={arXiv preprint arXiv:2302.09532},
  year={2023}
}

@inproceedings{sun2020multi,
  title={Multi-stage self-supervised learning for graph convolutional networks on graphs with few labeled nodes},
  author={Sun, Ke and Lin, Zhouchen and Zhu, Zhanxing},
  booktitle={Proceedings of the AAAI Conference on Artificial Intelligence},
  volume={34},
  number={04},
  pages={5892--5899},
  year={2020}
}

@article{mutual_pl,
  title={Mutual teaching for graph convolutional networks},
  author={Zhan, Kun and Niu, Chaoxi},
  journal={Future Generation Computer Systems},
  volume={115},
  pages={837--843},
  year={2021},
  publisher={Elsevier}
}

@article{dynamic_pl,
  title={Dynamic self-training framework for graph convolutional networks},
  author={Zhou, Ziang and Zhang, Shenzhong and Huang, Zengfeng},
  year={2019}
}

@article{informative_pl,
  title={Informative Pseudo-Labeling for Graph Neural Networks with Few Labels},
  author={Li, Yayong and Yin, Jie and Chen, Ling},
  journal={arXiv preprint arXiv:2201.07951},
  year={2022}
}

@article{ups,
  title={In defense of pseudo-labeling: An uncertainty-aware pseudo-label selection framework for semi-supervised learning},
  author={Rizve, Mamshad Nayeem and Duarte, Kevin and Rawat, Yogesh S and Shah, Mubarak},
  journal={arXiv preprint arXiv:2101.06329},
  year={2021}
}
@article{shgp-yang,
  title={Self-supervised Heterogeneous Graph Pre-training Based on Structural Clustering},
  author={Yang, Yaming and Guan, Ziyu and Wang, Zhe and Zhao, Wei and Xu, Cai and Lu, Weigang and Huang, Jianbin},
  journal={arXiv preprint arXiv:2210.10462},
  year={2022}
}

% mixup

@article{graphmixup,
  title={Graphmixup: Improving class-imbalanced node classification on graphs by self-supervised context prediction},
  author={Wu, Lirong and Lin, Haitao and Gao, Zhangyang and Tan, Cheng and Li, Stan and others},
  journal={arXiv preprint arXiv:2106.11133},
  year={2021}
}

@inproceedings{graphmix,
  title={Graphmix: Improved training of gnns for semi-supervised learning},
  author={Verma, Vikas and Qu, Meng and Kawaguchi, Kenji and Lamb, Alex and Bengio, Yoshua and Kannala, Juho and Tang, Jian},
  booktitle={Proceedings of the AAAI conference on artificial intelligence},
  volume={35},
  number={11},
  pages={10024--10032},
  year={2021}
}

@article{mixup,
  title={mixup: Beyond empirical risk minimization},
  author={Zhang, Hongyi and Cisse, Moustapha and Dauphin, Yann N and Lopez-Paz, David},
  journal={arXiv preprint arXiv:1710.09412},
  year={2017}
}

@inproceedings{mixup_for_node,
  title={Mixup for node and graph classification},
  author={Wang, Yiwei and Wang, Wei and Liang, Yuxuan and Cai, Yujun and Hooi, Bryan},
  booktitle={Proceedings of the Web Conference 2021},
  pages={3663--3674},
  year={2021}
}

@article{graphmad_g,
  title={GraphMAD: Graph Mixup for Data Augmentation using Data-Driven Convex Clustering},
  author={Navarro, Madeline and Segarra, Santiago},
  journal={arXiv preprint arXiv:2210.15721},
  year={2022}
}

@inproceedings{mixup_transplant_g,
  title={Graph transplant: Node saliency-guided graph mixup with local structure preservation},
  author={Park, Joonhyung and Shim, Hajin and Yang, Eunho},
  booktitle={Proceedings of the AAAI Conference on Artificial Intelligence},
  volume={36},
  number={7},
  pages={7966--7974},
  year={2022}
}

@article{ifmixup_g,
  title={ifmixup: Towards intrusion-free graph mixup for graph classification},
  author={Guo, Hongyu and Mao, Yongyi},
  journal={arXiv e-prints},
  pages={arXiv--2110},
  year={2021}
}

@inproceedings{g_mixup,
  title={G-mixup: Graph data augmentation for graph classification},
  author={Han, Xiaotian and Jiang, Zhimeng and Liu, Ninghao and Hu, Xia},
  booktitle={International Conference on Machine Learning},
  pages={8230--8248},
  year={2022},
  organization={PMLR}
}

@article{mixup_metric_g,
  title={Metric Based Few-Shot Graph Classification},
  author={Crisostomi, Donato and Antonelli, Simone and Maiorca, Valentino and Moschella, Luca and Marin, Riccardo and Rodol{\`a}, Emanuele},
  journal={arXiv preprint arXiv:2206.03695},
  year={2022}
}

%%under-reaching
@inproceedings{pastel,
  title={Position-aware structure learning for graph topology-imbalance by relieving under-reaching and over-squashing},
  author={Sun, Qingyun and Li, Jianxin and Yuan, Haonan and Fu, Xingcheng and Peng, Hao and Ji, Cheng and Li, Qian and Yu, Philip S},
  booktitle={Proceedings of the 31st ACM International Conference on Information \& Knowledge Management},
  pages={1848--1857},
  year={2022}
}

@article{rewiring,
  title={Rewiring with positional encodings for graph neural networks},
  author={Br{\"u}el-Gabrielsson, Rickard and Yurochkin, Mikhail and Solomon, Justin},
  journal={arXiv preprint arXiv:2201.12674},
  year={2022}
}


% Imbalanced Reachability
@inproceedings{influence_decay,
  title={Bootstrapped graph diffusions: Exposing the power of nonlinearity},
  author={Buchnik, Eliav and Cohen, Edith},
  booktitle={Abstracts of the 2018 ACM International Conference on Measurement and Modeling of Computer Systems},
  pages={8--10},
  year={2018}
} 

@article{renode,
  title={Topology-imbalance learning for semi-supervised node classification},
  author={Chen, Deli and Lin, Yankai and Zhao, Guangxiang and Ren, Xuancheng and Li, Peng and Zhou, Jie and Sun, Xu},
  journal={Advances in Neural Information Processing Systems},
  volume={34},
  pages={29885--29897},
  year={2021}
}

@inproceedings{cka,
  title={Similarity of neural network representations revisited},
  author={Kornblith, Simon and Norouzi, Mohammad and Lee, Honglak and Hinton, Geoffrey},
  booktitle={International Conference on Machine Learning},
  pages={3519--3529},
  year={2019},
  organization={PMLR}
}

@inproceedings{under_reaching,
  title={The logical expressiveness of graph neural networks},
  author={Barcel{\'o}, Pablo and Kostylev, Egor V and Monet, Mikael and P{\'e}rez, Jorge and Reutter, Juan and Silva, Juan-Pablo},
  booktitle={8th International Conference on Learning Representations (ICLR 2020)},
  year={2020}
}

@book{cross_entropy,
  title={Pattern recognition and machine learning},
  author={Bishop, Christopher M and Nasrabadi, Nasser M},
  volume={4},
  number={4},
  year={2006},
  publisher={Springer}
}

@inproceedings{global,
  title={Finding global homophily in graph neural networks when meeting heterophily},
  author={Li, Xiang and Zhu, Renyu and Cheng, Yao and Shan, Caihua and Luo, Siqiang and Li, Dongsheng and Qian, Weining},
  booktitle={International Conference on Machine Learning},
  pages={13242--13256},
  year={2022},
  organization={PMLR}
}

%%%Implementation%%%
@inproceedings{torch_geo,
  title={Fast Graph Representation Learning with {PyTorch Geometric}},
  author={Fey, Matthias and Lenssen, Jan E.},
  booktitle={ICLR Workshop on Representation Learning on Graphs and Manifolds},
  year={2019},
}

@inproceedings{adam,
  title={Adam: A method for stochastic optimization},
  author={Kingma, Diederik and Ba, Jimmy},
  booktitle={ICLR},
  year={2015}
}

@article{sharp,
  title={Mixmatch: A holistic approach to semi-supervised learning},
  author={Berthelot, David and Carlini, Nicholas and Goodfellow, Ian and Papernot, Nicolas and Oliver, Avital and Raffel, Colin A},
  journal={Advances in neural information processing systems},
  volume={32},
  year={2019}
}


@article{NLD,
  title={Heterophily and Graph Neural Networks: Past, Present and Future},
  author={Zhu, Jiong and Yan, Yujun and Heimann, Mark and Zhao, Lingxiao and Akoglu, Leman and Koutra, Danai},
  journal={Data Engineering},
  pages={10}
}
