@inproceedings{Wu2017,
	title="Sequential Matching Network: A New Architecture for Multi-turn Response Selection in Retrieval-Based Chatbots",
	author="Yu {Wu} and Wei {Wu} and Chen {Xing} and Ming {Zhou} and Zhoujun {Li}",
	booktitle="Proceedings of the 55th Annual Meeting of the Association for Computational Linguistics (Volume 1: Long Papers)",
	volume="1",
	pages="496--505",
	year="2017"
}

@inproceedings{Zhou2018,
	title="Multi-Turn Response Selection for Chatbots with Deep Attention Matching Network",
	author="Xiangyang {Zhou} and Lu {Li} and Daxiang {Dong} and Yi {Liu} and Ying {Chen} and Wayne Xin {Zhao} and Dianhai {Yu} and Hua {Wu}",
	booktitle="ACL 2018: 56th Annual Meeting of the Association for Computational Linguistics",
	volume="1",
	pages="1118--1127",
	year="2018"
}

@inproceedings{Tao2020,
	title="One Time of Interaction May Not Be Enough: Go Deep with an Interaction-over-Interaction Network for Response Selection in Dialogues",
	author="Chongyang {Tao} and wei {wu} and Can {Xu} and Wenpeng {Hu} and Dongyan {Zhao} and Rui {Yan}",
	booktitle="ACL 2019 : The 57th Annual Meeting of the Association for Computational Linguistics",
	pages="1--11",
	year="2019"
}

@inproceedings{Tao2019,
	title="Multi-Representation Fusion Network for Multi-Turn Response Selection in Retrieval-Based Chatbots",
	author="Chongyang {Tao} and Wei {Wu} and Can {Xu} and Wenpeng {Hu} and Dongyan {Zhao} and Rui {Yan}",
	booktitle="Proceedings of the Twelfth ACM International Conference on Web Search and Data Mining",
	pages="267--275",
	year="2019"
}

@inproceedings{Cho2014,
	title="Learning Phrase Representations using RNN Encoder--Decoder for Statistical Machine Translation",
	author="Kyunghyun {Cho} and Bart van {Merrienboer} and Caglar {Gulcehre} and Dzmitry {Bahdanau} and Fethi {Bougares} and Holger {Schwenk} and Yoshua {Bengio}",
	booktitle="Proceedings of the 2014 Conference on Empirical Methods in Natural Language Processing (EMNLP)",
	pages="1724--1734",
	year="2014"
}

@inproceedings{Lu2020,
	title="Constructing Interpretive Spatio-Temporal Features for Multi-Turn Responses Selection",
	author="Junyu {Lu} and Chenbin {Zhang} and Zeying {Xie} and Guang {Ling} and Tom Chao {Zhou} and Zenglin {Xu}",
	booktitle="ACL 2019 : The 57th Annual Meeting of the Association for Computational Linguistics",
	pages="44--50",
	year="2019"
}

@inproceedings{Lan2020,
	title="ALBERT: A Lite BERT for Self-supervised Learning of Language Representations",
	author="Zhenzhong {Lan} and Mingda {Chen} and Sebastian {Goodman} and Kevin {Gimpel} and Piyush {Sharma} and Radu {Soricut}",
	booktitle="ICLR 2020 : Eighth International Conference on Learning Representations",
	year="2020"
}

@inproceedings{mutual2020,
	title="MuTual: A Dataset for Multi-Turn Dialogue Reasoning",
	author="Leyang {Cui} and Yu {Wu} and Shujie {Liu} and Yue {Zhang} and Ming {Zhou}",
	booktitle="ACL 2020: 58th annual meeting of the Association for Computational Linguistics",
	pages="1406--1416",
	year="2020"
}

@article{Tu2019,
	title="Select, Answer and Explain: Interpretable Multi-hop Reading Comprehension over Multiple Documents",
	author="Ming {Tu} and Kevin {Huang} and Guangtao {Wang} and Jing {Huang} and Xiaodong {He} and Bowen {Zhou}",
	journal="AAAI 2020 : The Thirty-Fourth AAAI Conference on Artificial Intelligence",
	volume="34",
	number="5",
	pages="9073--9080",
	year="2020"
}

@article{Fang2019,
	title="Hierarchical Graph Network for Multi-hop Question Answering.",
	author="Yuwei {Fang} and Siqi {Sun} and Zhe {Gan} and Rohit {Pillai} and Shuohang {Wang} and Jingjing {Liu}",
	journal="arXiv preprint arXiv:1911.03631",
	year="2019"
}

@inproceedings{Qiu2020,
	title="Dynamically Fused Graph Network for Multi-hop Reasoning",
	author="Lin {Qiu} and Yunxuan {Xiao} and Yanru {Qu} and Hao {Zhou} and Lei {Li} and Weinan {Zhang} and Yong {Yu}",
	booktitle="ACL 2019 : The 57th Annual Meeting of the Association for Computational Linguistics",
	pages="6140--6150",
	year="2019"
}

@inproceedings{Gururangan2020,
	title="Don’t Stop Pretraining: Adapt Language Models to Domains and Tasks",
	author="Suchin {Gururangan} and Ana {Marasović} and Swabha {Swayamdipta} and Kyle {Lo} and Iz {Beltagy} and Doug {Downey} and Noah A. {Smith}",
	booktitle="ACL 2020: 58th annual meeting of the Association for Computational Linguistics",
	pages="8342--8360",
	year="2020"
}

@inproceedings{devlin2018bert,
	title="BERT: Pre-training of Deep Bidirectional Transformers for Language Understanding",
	author="Jacob {Devlin} and Ming-Wei {Chang} and Kenton {Lee} and Kristina {Toutanova}",
	booktitle="NAACL-HLT 2019: Annual Conference of the North American Chapter of the Association for Computational Linguistics",
	pages="4171--4186",
	year="2019"
}

@inproceedings{Vaswani2017,
	title="Attention is All You Need",
	author="Ashish {Vaswani} and Noam {Shazeer} and Niki {Parmar} and Jakob {Uszkoreit} and Llion {Jones} and Aidan N. {Gomez} and Lukasz {Kaiser} and Illia {Polosukhin}",
	booktitle="Proceedings of the 31st International Conference on Neural Information Processing Systems",
	pages="5998--6008",
	year="2017"
}

@article{Martin,
	title="Multi-Paragraph Reasoning with Knowledge-enhanced Graph Neural Network",
	author="Deming {Ye} and Yankai {Lin} and Zhenghao {Liu} and Zhiyuan {Liu} and Maosong {Sun}",
	journal="arXiv preprint arXiv:1911.02170",
	year="2019"
}


@inproceedings{kipf2016semi,
	title="Semi-Supervised Classification with Graph Convolutional Networks",
	author="Thomas N. {Kipf} and Max {Welling}",
	booktitle="ICLR 2017 : International Conference on Learning Representations 2017",
	year="2017"
}

@book{Ricardo2016,
	title="Modern Information Retrieval",
	author="Ricardo A. {Baeza-Yates} and Berthier {Ribeiro-Neto}",
	year="1999"
}

@inproceedings{2015Lowe,
	title="The Ubuntu Dialogue Corpus: A Large Dataset for Research in Unstructured Multi-Turn Dialogue Systems",
	author="Ryan {Lowe} and Nissan {Pow} and Iulian {Serban} and Joelle {Pineau}",
	booktitle="Proceedings of the 16th Annual Meeting of the Special Interest Group on Discourse and Dialogue",
	pages="285--294",
	year="2015"
}

@article{2019RoBERTa,
	title="RoBERTa: A Robustly Optimized BERT Pretraining Approach",
	author="Yinhan {Liu} and Myle {Ott} and Naman {Goyal} and Jingfei {Du} and Mandar {Joshi} and Danqi {Chen} and Omer {Levy} and Mike {Lewis} and Luke {Zettlemoyer} and Veselin {Stoyanov}",
	journal="arXiv preprint arXiv:1907.11692",
	year="2019"
}

@inproceedings{2017Variational,
	title="Variational Reasoning for Question Answering with Knowledge Graph",
	author="Yuyu {Zhang} and Hanjun {Dai} and Zornitsa {Kozareva} and Alexander {Smola} and Le {Song}",
	booktitle="AAAI-18 AAAI Conference on Artificial Intelligence",
	pages="6069--6076",
	year="2018"
}

@inproceedings{lowe2017towards,
	title="Towards an automatic Turing test: Learning to evaluate dialogue responses.",
	author="Ryan {Lowe} and Michael {Noseworthy} and Iulian Vlad {Serban} and Nicolas {Angelard-Gontier} and Yoshua {Bengio} and Joelle {Pineau}",
	booktitle="ICLR (Workshop)",
	year="2017"
}
@article{hochreiter1997long,
	title="Long short-term memory",
	author="Sepp {Hochreiter} and Jürgen {Schmidhuber}",
	journal="Neural Computation",
	volume="9",
	number="8",
	pages="1735--1780",
	year="1997"
}
@inproceedings{xu2019enhancing,
	title="Enhancing Key-Value Memory Neural Networks for Knowledge Based Question Answering",
	author="Kun {Xu} and Yuxuan {Lai} and Yansong {Feng} and Zhiguo {Wang}",
	booktitle="NAACL-HLT 2019: Annual Conference of the North American Chapter of the Association for Computational Linguistics",
	pages="2937--2947",
	year="2019"
}
@inproceedings{seo2017bidirectional,
	title="Bidirectional Attention Flow for Machine Comprehension",
	author="Minjoon {Seo} and Aniruddha {Kembhavi} and Ali {Farhadi} and Hannaneh {Hajishirzi}",
	booktitle="ICLR 2017 : International Conference on Learning Representations 2017",
	year="2017"
}
@inproceedings{wang2017gated,
	title="Gated Self-Matching Networks for Reading Comprehension and Question Answering",
	author="Wenhui {Wang} and Nan {Yang} and Furu {Wei} and Baobao {Chang} and Ming {Zhou}",
	booktitle="Proceedings of the 55th Annual Meeting of the Association for
    Computational Linguistics (Volume 1: Long Papers)",
	volume="1",
	pages="189--198",
	year="2017"
}
@inproceedings{yu2018qanet,
	title="QANet: Combining Local Convolution with Global Self-Attention for Reading Comprehension",
	author="Adams Wei {Yu} and David {Dohan} and Minh-Thang {Luong} and Rui {Zhao} and Kai {Chen} and Mohammad {Norouzi} and Quoc V. {Le}",
	booktitle="International Conference on Learning Representations",
	year="2018"
}
@inproceedings{Radford2018,
	title="Language Models are Unsupervised Multitask Learners",
	author="Alec {Radford} and Jeffrey {Wu} and Rewon {Child} and David {Luan} and Dario {Amodei} and Ilya {Sutskever}",
	year="2019"
}
@inproceedings{gupta2018retrieve,
	title="Retrieve and Re-rank: A Simple and Effective IR Approach to Simple Question Answering over Knowledge Graphs",
	author="Vishal {Gupta} and Manoj {Chinnakotla} and Manish {Shrivastava}",
	booktitle="Proceedings of the First Workshop on Fact Extraction and VERification (FEVER)",
	year="2018"
}
@inproceedings{xiong2019improving,
	title="Improving Question Answering over Incomplete KBs with Knowledge-Aware Reader",
	author="Wenhan {Xiong} and Mo {Yu} and Shiyu {Chang} and Xiaoxiao {Guo} and William Yang {Wang}",
	booktitle="ACL 2019 : The 57th Annual Meeting of the Association for Computational Linguistics",
	pages="4258--4264",
	year="2019"
}

@inproceedings{qu2019bert,
	title="BERT with History Answer Embedding for Conversational Question Answering",
	author="Chen {Qu} and Liu {Yang} and Minghui {Qiu} and W. Bruce {Croft} and Yongfeng {Zhang} and Mohit {Iyyer}",
	booktitle="Proceedings of the 42nd International ACM SIGIR Conference on Research and Development in Information Retrieval",
	pages="1133--1136",
	year="2019"
}
@inproceedings{yeh2019flowdelta,
	title="FlowDelta: Modeling Flow Information Gain in Reasoning for Conversational Machine Comprehension",
	author="Yi Ting {Yeh} and Yun-Nung {Chen}",
	booktitle="Proceedings of the 2nd Workshop on Machine Reading for Question Answering",
	pages="86--90",
	notes="Sourced from Microsoft Academic - https://academic.microsoft.com/paper/2987831083",
	year="2019"
}
@inproceedings{su2019improving,
	title="Improving Multi-turn Dialogue Modelling with Utterance ReWriter",
	author="Hui {Su} and Xiaoyu {Shen} and Rongzhi {Zhang} and Fei {Sun} and Pengwei {Hu} and Cheng {Niu} and Jie {Zhou}",
	booktitle="ACL 2019 : The 57th Annual Meeting of the Association for Computational Linguistics",
	pages="22--31",
	notes="Sourced from Microsoft Academic - https://academic.microsoft.com/paper/2952855649",
	year="2019"
}
@inproceedings{kiros2015skip,
	title="Skip-thought vectors",
	author="Ryan {Kiros} and Yukun {Zhu} and Ruslan {Salakhutdinov} and Richard S. {Zemel} and Antonio {Torralba} and Raquel {Urtasun} and Sanja {Fidler}",
	booktitle="NIPS'15 Proceedings of the 28th International Conference on Neural Information Processing Systems - Volume 2",
	pages="3294--3302",
	notes="Sourced from Microsoft Academic - https://academic.microsoft.com/paper/1486649854",
	year="2015"
}

@inproceedings{hill2016learning,
	title="Learning distributed representations of sentences from unlabelled data",
	author="Felix {Hill} and Kyunghyun {Cho} and Anna {Korhonen}",
	booktitle="Proceedings of the 2016 Conference of the North American Chapter of the
      Association for Computational Linguistics: Human Language Technologies",
	pages="1367--1377",
	notes="Sourced from Microsoft Academic - https://academic.microsoft.com/paper/2963804993",
	year="2016"
}
@article{grosz1995centering,
	title="Centering: a framework for modeling the local coherence of discourse",
	author="Barbara J. {Grosz} and Scott {Weinstein} and Aravind K. {Joshi}",
	journal="Computational Linguistics",
	volume="21",
	number="2",
	pages="203--225",
	notes="Sourced from Microsoft Academic - https://academic.microsoft.com/paper/2124741472",
	year="1995"
}
@inproceedings{gan2017learning,
	title="Learning Generic Sentence Representations Using Convolutional Neural Networks.",
	author="Zhe {Gan} and Yunchen {Pu} and Ricardo {Henao} and Chunyuan {Li} and Xiaodong {He} and Lawrence {Carin}",
	booktitle="
          Proceedings of the 2017 Conference on Empirical Methods in Natural
          Language Processing
        ",
	pages="2390--2400",
	notes="Sourced from Microsoft Academic - https://academic.microsoft.com/paper/2964025273",
	year="2017"
}
@article{joshi2020spanbert,
	title="SpanBERT: Improving Pre-training by Representing and Predicting Spans",
	author="Mandar {Joshi} and Danqi {Chen} and Yinhan {Liu} and Daniel S. {Weld} and Luke {Zettlemoyer} and Omer {Levy}",
	journal="Transactions of the Association for Computational Linguistics",
	volume="8",
	pages="64--77",
	notes="Sourced from Microsoft Academic - https://academic.microsoft.com/paper/3011411500",
	year="2020"
}
@inproceedings{mihalcea_textrank,
    title = "{T}ext{R}ank: Bringing Order into Text",
    author = "Mihalcea, Rada  and
      Tarau, Paul",
    booktitle = "Proceedings of the 2004 Conference on Empirical Methods in Natural Language Processing",
    month = jul,
    year = "2004",
    address = "Barcelona, Spain",
    publisher = "Association for Computational Linguistics",
    url = "https://www.aclweb.org/anthology/W04-3252",
    pages = "404--411",
}
@article{klicpera2018predict,
  title={Predict then propagate: Graph neural networks meet personalized pagerank},
  author={Klicpera, Johannes and Bojchevski, Aleksandar and G{\"u}nnemann, Stephan},
  journal={arXiv preprint arXiv:1810.05997},
  year={2018}
}