Key Dense Retrievers & Retrieval Experiments
ORQA
@inproceedings{lee-etal-2019-latent,
    title = "Latent Retrieval for Weakly Supervised Open Domain Question Answering",
    author = "Lee, Kenton  and
      Chang, Ming-Wei  and
      Toutanova, Kristina",
    booktitle = "Proceedings of the 57th Annual Meeting of the Association for Computational Linguistics",
    month = jul,
    year = "2019",
    address = "Florence, Italy",
    publisher = "Association for Computational Linguistics",
    url = "https://aclanthology.org/P19-1612",
    doi = "10.18653/v1/P19-1612",
    pages = "6086--6096",
}

DPR
@inproceedings{karpukhin-etal-2020-dense,
    title = "Dense Passage Retrieval for Open-Domain Question Answering",
    author = "Karpukhin, Vladimir  and
      Oguz, Barlas  and
      Min, Sewon  and
      Lewis, Patrick  and
      Wu, Ledell  and
      Edunov, Sergey  and
      Chen, Danqi  and
      Yih, Wen-tau",
    booktitle = "Proceedings of the 2020 Conference on Empirical Methods in Natural Language Processing (EMNLP)",
    month = nov,
    year = "2020",
    address = "Online",
    publisher = "Association for Computational Linguistics",
    url = "https://aclanthology.org/2020.emnlp-main.550",
    doi = "10.18653/v1/2020.emnlp-main.550",
    pages = "6769--6781",
}

ANCE
@inproceedings{xiong2021approximate,
  title={Approximate Nearest Neighbor Negative Contrastive Learning for Dense Text Retrieval},
  author={Lee Xiong and Chenyan Xiong and Ye Li and Kwok-Fung Tang and Jialin Liu and Paul N. Bennett and Junaid Ahmed and Arnold Overwijk},
  booktitle={International Conference on Learning Representations},
  year={2021},
  url={https://openreview.net/forum?id=zeFrfgyZln}
}

GTR
@article{ni-2021-gtr,
  author    = {Jianmo Ni and
               Chen Qu and
               Jing Lu and
               Zhuyun Dai and
               Gustavo Hern{\'{a}}ndez {\'{A}}brego and
               Ji Ma and
               Vincent Y. Zhao and
               Yi Luan and
               Keith B. Hall and
               Ming{-}Wei Chang and
               Yinfei Yang},
  title     = {Large Dual Encoders Are Generalizable Retrievers},
  journal   = {CoRR},
  volume    = {abs/2112.07899},
  year      = {2021},
  url       = {https://arxiv.org/abs/2112.07899},
  eprinttype = {arXiv},
  eprint    = {2112.07899},
}

Contriever
@article{contriever,
  doi = {10.48550/ARXIV.2112.09118},
  url = {https://arxiv.org/abs/2112.09118},
  author = {Izacard, Gautier and Caron, Mathilde and Hosseini, Lucas and Riedel, Sebastian and Bojanowski, Piotr and Joulin, Armand and Grave, Edouard},
  title = {Towards Unsupervised Dense Information Retrieval with Contrastive Learning},
  journal = "arXiv preprint arXiv:2112.09118",
  year = {2021},
}

ColBERT
@article{khattab-etal-2021-relevance,
    title = "Relevance-guided Supervision for {O}pen{QA} with {C}ol{BERT}",
    author = "Khattab, Omar  and
      Potts, Christopher  and
      Zaharia, Matei",
    journal = "Transactions of the Association for Computational Linguistics",
    volume = "9",
    year = "2021",
    address = "Cambridge, MA",
    publisher = "MIT Press",
    url = "https://aclanthology.org/2021.tacl-1.55",
    doi = "10.1162/tacl_a_00405",
    pages = "929--944",
}


Sparse Retriever
BM25
@article{robertson2009probabilistic,
  title={The Probabilistic Relevance Framework: BM25 and Beyond},
  author={Robertson, Stephen and Zaragoza, Hugo},
  journal={Foundations and Trends in Information Retrieval},
  volume={3},
  number={4},
  pages={333--389},
  year={2009},
  url = "https://doi.org/10.1561/1500000019",
}

@article{robertson1995okapi,
  title={Okapi at TREC-3},
  author={Robertson, Stephen E and Walker, Steve and Jones, Susan and Hancock-Beaulieu, Micheline M and Gatford, Mike and others},
  journal={Nist Special Publication Sp},
  volume={109},
  pages={109},
  year={1995},
  url = "https://www.researchgate.net/profile/Stephen-Robertson-11/publication/254309988_Okapi_at_trec4/links/00b495346c7b7cd38d000000/Okapi-at-trec4.pdf",
  publisher={NATIONAL INSTIUTE OF STANDARDS \& TECHNOLOGY}
}

COIL
@inproceedings{gao-etal-2021-coil,
    title = "{COIL}: Revisit Exact Lexical Match in Information Retrieval with Contextualized Inverted List",
    author = "Gao, Luyu  and
      Dai, Zhuyun  and
      Callan, Jamie",
    booktitle = "Proceedings of the 2021 Conference of the North American Chapter of the Association for Computational Linguistics: Human Language Technologies",
    month = jun,
    year = "2021",
    address = "Online",
    publisher = "Association for Computational Linguistics",
    url = "https://aclanthology.org/2021.naacl-main.241",
    doi = "10.18653/v1/2021.naacl-main.241",
    pages = "3030--3042",
}

SPARTA
@inproceedings{zhao-etal-2021-sparta,
    title = "{SPARTA}: Efficient Open-Domain Question Answering via Sparse Transformer Matching Retrieval",
    author = "Zhao, Tiancheng  and
      Lu, Xiaopeng  and
      Lee, Kyusong",
    booktitle = "Proceedings of the 2021 Conference of the North American Chapter of the Association for Computational Linguistics: Human Language Technologies",
    month = jun,
    year = "2021",
    address = "Online",
    publisher = "Association for Computational Linguistics",
    url = "https://aclanthology.org/2021.naacl-main.47",
    doi = "10.18653/v1/2021.naacl-main.47",
    pages = "565--575",
}


Anserini
@inproceedings{anserini_Yang0L17,
  author={Peilin Yang and Hui Fang and Jimmy Lin},
  title={Anserini: Enabling the Use of Lucene for Information Retrieval Research},
  year={2017},
  cdate={1483228800000},
  pages={1253-1256},
  url={https://doi.org/10.1145/3077136.3080721},
  booktitle={SIGIR},
}

Datasets
Entity Questions
@inproceedings{sciavolino-etal-2021-simple,
    title = "Simple Entity-Centric Questions Challenge Dense Retrievers",
    author = "Sciavolino, Christopher  and
      Zhong, Zexuan  and
      Lee, Jinhyuk  and
      Chen, Danqi",
    booktitle = "Proceedings of the 2021 Conference on Empirical Methods in Natural Language Processing",
    month = nov,
    year = "2021",
    address = "Online and Punta Cana, Dominican Republic",
    publisher = "Association for Computational Linguistics",
    url = "https://aclanthology.org/2021.emnlp-main.496",
    doi = "10.18653/v1/2021.emnlp-main.496",
    pages = "6138--6148",
}

BEIR
@inproceedings{thakur2021beir,
  title={{BEIR}: A Heterogeneous Benchmark for Zero-shot Evaluation of Information Retrieval Models},
  author={Nandan Thakur and Nils Reimers and Andreas R{\"u}ckl{\'e} and Abhishek Srivastava and Iryna Gurevych},
  booktitle={Thirty-fifth Conference on Neural Information Processing Systems Datasets and Benchmarks Track (Round 2)},
  year={2021},
  url={https://openreview.net/forum?id=wCu6T5xFjeJ}
}

Natural Questions
@article{kwiatkowski-etal-2019-natural,
    title = "Natural Questions: A Benchmark for Question Answering Research",
    author = "Kwiatkowski, Tom  and
      Palomaki, Jennimaria  and
      Redfield, Olivia  and
      Collins, Michael  and
      Parikh, Ankur  and
      Alberti, Chris  and
      Epstein, Danielle  and
      Polosukhin, Illia  and
      Devlin, Jacob  and
      Lee, Kenton  and
      Toutanova, Kristina  and
      Jones, Llion  and
      Kelcey, Matthew  and
      Chang, Ming-Wei  and
      Dai, Andrew M.  and
      Uszkoreit, Jakob  and
      Le, Quoc  and
      Petrov, Slav",
    journal = "Transactions of the Association for Computational Linguistics",
    volume = "7",
    year = "2019",
    address = "Cambridge, MA",
    publisher = "MIT Press",
    url = "https://aclanthology.org/Q19-1026",
    doi = "10.1162/tacl_a_00276",
    pages = "452--466",
}

@inproceedings{joshi-etal-2017-triviaqa,
    title = "{T}rivia{QA}: A Large Scale Distantly Supervised Challenge Dataset for Reading Comprehension",
    author = "Joshi, Mandar  and
      Choi, Eunsol  and
      Weld, Daniel  and
      Zettlemoyer, Luke",
    booktitle = "Proceedings of the 55th Annual Meeting of the Association for Computational Linguistics (Volume 1: Long Papers)",
    month = jul,
    year = "2017",
    address = "Vancouver, Canada",
    publisher = "Association for Computational Linguistics",
    url = "https://aclanthology.org/P17-1147",
    doi = "10.18653/v1/P17-1147",
    pages = "1601--1611",
}

@inproceedings{berant-etal-2013-semantic,
    title = "Semantic Parsing on {F}reebase from Question-Answer Pairs",
    author = "Berant, Jonathan  and
      Chou, Andrew  and
      Frostig, Roy  and
      Liang, Percy",
    booktitle = "Proceedings of the 2013 Conference on Empirical Methods in Natural Language Processing",
    month = oct,
    year = "2013",
    address = "Seattle, Washington, USA",
    publisher = "Association for Computational Linguistics",
    url = "https://aclanthology.org/D13-1160",
    pages = "1533--1544",
}

@inproceedings{curatedtrec,
author = {Baudi\v{s}, Petr and \v{S}ediv\'{y}, Jan},
title = {Modeling of the Question Answering Task in the YodaQA System},
year = {2015},
isbn = {9783319240268},
publisher = {Springer-Verlag},
address = {Berlin, Heidelberg},
url = {https://doi.org/10.1007/978-3-319-24027-5_20},
doi = {10.1007/978-3-319-24027-5_20},
booktitle = {Proceedings of the 6th International Conference on Experimental IR Meets Multilinguality, Multimodality, and Interaction - Volume 9283},
pages = {222â€“228},
numpages = {7},
keywords = {Question answering, Linked data, Natural language processing, Information extraction, Information retrieval},
location = {Toulouse, France},
series = {CLEF'15}
}

PAQ
@article{lewis-etal-2021-paq,
    title = "{PAQ}: 65 Million Probably-Asked Questions and What You Can Do With Them",
    author = {Lewis, Patrick  and
      Wu, Yuxiang  and
      Liu, Linqing  and
      Minervini, Pasquale  and
      K{\"u}ttler, Heinrich  and
      Piktus, Aleksandra  and
      Stenetorp, Pontus  and
      Riedel, Sebastian},
    journal = "Transactions of the Association for Computational Linguistics",
    volume = "9",
    year = "2021",
    address = "Cambridge, MA",
    publisher = "MIT Press",
    url = "https://aclanthology.org/2021.tacl-1.65",
    doi = "10.1162/tacl_a_00415",
    pages = "1098--1115",
}

CCNet (corpus)
@inproceedings{wenzek-etal-2020-ccnet,
    title = "{CCN}et: Extracting High Quality Monolingual Datasets from Web Crawl Data",
    author = "Wenzek, Guillaume  and
      Lachaux, Marie-Anne  and
      Conneau, Alexis  and
      Chaudhary, Vishrav  and
      Guzm{\'a}n, Francisco  and
      Joulin, Armand  and
      Grave, Edouard",
    booktitle = "Proceedings of the 12th Language Resources and Evaluation Conference",
    month = may,
    year = "2020",
    address = "Marseille, France",
    publisher = "European Language Resources Association",
    url = "https://aclanthology.org/2020.lrec-1.494",
    pages = "4003--4012",
    ISBN = "979-10-95546-34-4",
}

CoNLL-2003
@inproceedings{tjong-kim-sang-de-meulder-2003-introduction,
    title = "Introduction to the {C}o{NLL}-2003 Shared Task: Language-Independent Named Entity Recognition",
    author = "Tjong Kim Sang, Erik F.  and
      De Meulder, Fien",
    booktitle = "Proceedings of the Seventh Conference on Natural Language Learning at {HLT}-{NAACL} 2003",
    year = "2003",
    url = "https://aclanthology.org/W03-0419",
    pages = "142--147",
}

@article{vrandevcic2014wikidata,
    title={Wikidata: a free collaborative knowledgebase},
    author={Vrande{\v{c}}i{\'c}, Denny and Kr{\"o}tzsch, Markus},
    journal={Communications of the ACM},
    volume={57},
    number={10},
    pages={78--85},
    year={2014},
    publisher={ACM New York, NY, USA},
    url = {https://dl.acm.org/doi/10.1145/2629489},
}

@inproceedings{elsahar-etal-2018-rex,
    title = "{T}-{RE}x: A Large Scale Alignment of Natural Language with Knowledge Base Triples",
    author = "Elsahar, Hady  and
      Vougiouklis, Pavlos  and
      Remaci, Arslen  and
      Gravier, Christophe  and
      Hare, Jonathon  and
      Laforest, Frederique  and
      Simperl, Elena",
    booktitle = "Proceedings of the Eleventh International Conference on Language Resources and Evaluation ({LREC} 2018)",
    month = may,
    year = "2018",
    address = "Miyazaki, Japan",
    publisher = "European Language Resources Association (ELRA)",
    url = "https://aclanthology.org/L18-1544",
}


Open-domain QA system
DrQA
@inproceedings{chen-etal-2017-reading,
    title = "Reading {W}ikipedia to Answer Open-Domain Questions",
    author = "Chen, Danqi  and
      Fisch, Adam  and
      Weston, Jason  and
      Bordes, Antoine",
    booktitle = "Proceedings of the 55th Annual Meeting of the Association for Computational Linguistics (Volume 1: Long Papers)",
    month = jul,
    year = "2017",
    address = "Vancouver, Canada",
    publisher = "Association for Computational Linguistics",
    url = "https://aclanthology.org/P17-1171",
    doi = "10.18653/v1/P17-1171",
    pages = "1870--1879",
}

Analysis
@article{liu2021,
  doi = {10.48550/ARXIV.2109.01156},
  url = {https://arxiv.org/abs/2109.01156},
  author = {Liu, Linqing and Lewis, Patrick and Riedel, Sebastian and Stenetorp, Pontus},
  title = {Challenges in Generalization in Open Domain Question Answering},
  journal = "arXiv preprint arXiv:2109.01156",
  year = {2021},
}

@article{luan-etal-2021-sparse,
    title = "Sparse, Dense, and Attentional Representations for Text Retrieval",
    author = "Luan, Yi  and
      Eisenstein, Jacob  and
      Toutanova, Kristina  and
      Collins, Michael",
    journal = "Transactions of the Association for Computational Linguistics",
    volume = "9",
    year = "2021",
    address = "Cambridge, MA",
    publisher = "MIT Press",
    url = "https://aclanthology.org/2021.tacl-1.20",
    doi = "10.1162/tacl_a_00369",
    pages = "329--345",
}

@article{match_your_words,
  doi = {10.48550/ARXIV.2112.05662},
  url = {https://arxiv.org/abs/2112.05662},
  author = {Formal, Thibault and Piwowarski, Benjamin and Clinchant, StÃ©phane},
  title = {Match Your Words! A Study of Lexical Matching in Neural Information Retrieval},
  journal = "arXiv preprint arXiv:2112.05662",
  year = {2021},
}

@misc{replication_dpr,
  doi = {10.48550/ARXIV.2104.05740},
  url = {https://arxiv.org/abs/2104.05740},
  author = {Ma, Xueguang and Sun, Kai and Pradeep, Ronak and Lin, Jimmy},
  title = {A Replication Study of Dense Passage Retriever},
  publisher = {arXiv},
  year = {2021},
  journal = "arXiv preprint arXiv:2104.05740",
}

@article{Chen2021SalientPA,
  title={Salient Phrase Aware Dense Retrieval: Can a Dense Retriever Imitate a Sparse One?},
  author={Chen, Xilun and Lakhotia, Kushal and O{\u{g}}uz, Barlas and Gupta, Anchit and Lewis, Patrick and Peshterliev, Stan and Mehdad, Yashar and Gupta, Sonal and Yih, Wen-tau},
  journal="arXiv preprint arXiv:2110.06918",
  publisher = {arXiv},
  year={2021},
  url = {https://arxiv.org/abs/2110.06918},
}

@article{sachan2022improving,
  title={Improving Passage Retrieval with Zero-Shot Question Generation},
  author={Sachan, Devendra Singh and Lewis, Mike and Joshi, Mandar and Aghajanyan, Armen and Yih, Wen-tau and Pineau, Joelle and Zettlemoyer, Luke},
  journal={arXiv preprint arXiv:2204.07496},
  year={2022},
  url = {https://arxiv.org/abs/2204.07496},
  publisher = {arXiv},
}

Language Modeling
LUKE
@inproceedings{yamada-etal-2020-luke,
    title = "{LUKE}: Deep Contextualized Entity Representations with Entity-aware Self-attention",
    author = "Yamada, Ikuya  and
      Asai, Akari  and
      Shindo, Hiroyuki  and
      Takeda, Hideaki  and
      Matsumoto, Yuji",
    booktitle = "Proceedings of the 2020 Conference on Empirical Methods in Natural Language Processing (EMNLP)",
    month = nov,
    year = "2020",
    address = "Online",
    publisher = "Association for Computational Linguistics",
    url = "https://aclanthology.org/2020.emnlp-main.523",
    doi = "10.18653/v1/2020.emnlp-main.523",
    pages = "6442--6454",
}

RoBERTa
@article{roberta,
  doi = {10.48550/ARXIV.1907.11692},
  url = {https://arxiv.org/abs/1907.11692},
  author = {Liu, Yinhan and Ott, Myle and Goyal, Naman and Du, Jingfei and Joshi, Mandar and Chen, Danqi and Levy, Omer and Lewis, Mike and Zettlemoyer, Luke and Stoyanov, Veselin},
  title = {RoBERTa: A Robustly Optimized BERT Pretraining Approach},
  journal = "arXiv preprint arXiv:1907.11692",
  year = {2019},
}

Others

@inproceedings{zhou-srikumar-2022-closer,
    title = "A Closer Look at How Fine-tuning Changes {BERT}",
    author = "Zhou, Yichu  and
      Srikumar, Vivek",
    booktitle = "Proceedings of the 60th Annual Meeting of the Association for Computational Linguistics (Volume 1: Long Papers)",
    month = may,
    year = "2022",
    address = "Dublin, Ireland",
    publisher = "Association for Computational Linguistics",
    url = "https://aclanthology.org/2022.acl-long.75",
    doi = "10.18653/v1/2022.acl-long.75",
    pages = "1046--1061",
}

@inproceedings{chen-etal-2020-recall,
    title = "Recall and Learn: Fine-tuning Deep Pretrained Language Models with Less Forgetting",
    author = "Chen, Sanyuan  and
      Hou, Yutai  and
      Cui, Yiming  and
      Che, Wanxiang  and
      Liu, Ting  and
      Yu, Xiangzhan",
    booktitle = "Proceedings of the 2020 Conference on Empirical Methods in Natural Language Processing (EMNLP)",
    month = nov,
    year = "2020",
    address = "Online",
    publisher = "Association for Computational Linguistics",
    url = "https://aclanthology.org/2020.emnlp-main.634",
    doi = "10.18653/v1/2020.emnlp-main.634",
    pages = "7870--7881",
}


UMAP
@article{umap,
  doi = {10.48550/ARXIV.1802.03426},
  url = {https://arxiv.org/abs/1802.03426},
  author = {McInnes, Leland and Healy, John and Melville, James},
  title = {UMAP: Uniform Manifold Approximation and Projection for Dimension Reduction},
  journal = "arXiv preprint arXiv:1802.03426",
  year = {2018},
}

@article{mitra2018introduction,
  title={An Introduction to Neural Information Retrieval},
  author={Mitra, Bhaskar and Craswell, Nick and others},
  journal={Foundations and Trends{\textregistered} in Information Retrieval},
  volume={13},
  number={1},
  pages={1--126},
  year={2018},
  publisher={Now Publishers, Inc.},
  url = "https://www.nowpublishers.com/article/Details/INR-061"
}

@inproceedings{AWE_NIPS2014_e034fb6b,
 author = {Kiros, Ryan and Zemel, Richard and Salakhutdinov, Russ R},
 booktitle = {Advances in Neural Information Processing Systems},
 editor = {Z. Ghahramani and M. Welling and C. Cortes and N. Lawrence and K.Q. Weinberger},
 publisher = {Curran Associates, Inc.},
 title = {A Multiplicative Model for Learning Distributed Text-Based Attribute Representations},
 url = {https://proceedings.neurips.cc/paper/2014/file/e034fb6b66aacc1d48f445ddfb08da98-Paper.pdf},
 volume = {27},
 year = {2014}
}

@inproceedings{clinchant-perronnin-2013-aggregating,
    title = "Aggregating Continuous Word Embeddings for Information Retrieval",
    author = "Clinchant, St{\'e}phane  and
      Perronnin, Florent",
    booktitle = "Proceedings of the Workshop on Continuous Vector Space Models and their Compositionality",
    month = aug,
    year = "2013",
    address = "Sofia, Bulgaria",
    publisher = "Association for Computational Linguistics",
    url = "https://aclanthology.org/W13-3212",
    pages = "100--109",
}

@inproceedings{tanzer-etal-2022-memorisation,
    title = "Memorisation versus Generalisation in Pre-trained Language Models",
    author = {T{\"a}nzer, Michael  and
      Ruder, Sebastian  and
      Rei, Marek},
    booktitle = "Proceedings of the 60th Annual Meeting of the Association for Computational Linguistics (Volume 1: Long Papers)",
    month = may,
    year = "2022",
    address = "Dublin, Ireland",
    publisher = "Association for Computational Linguistics",
    url = "https://aclanthology.org/2022.acl-long.521",
    doi = "10.18653/v1/2022.acl-long.521",
    pages = "7564--7578",
}

ANNS
@article{johnson2019billion,
  title={Billion-scale similarity search with {GPUs}},
  author={Johnson, Jeff and Douze, Matthijs and J{\'e}gou, Herv{\'e}},
  journal={IEEE Transactions on Big Data},
  volume={7},
  number={3},
  pages={535--547},
  year={2019},
  url={https://arxiv.org/abs/1702.08734},
  publisher={IEEE}
}

@inproceedings{avq_2020,
  title={Accelerating Large-Scale Inference with Anisotropic Vector Quantization},
  author={Guo, Ruiqi and Sun, Philip and Lindgren, Erik and Geng, Quan and Simcha, David and Chern, Felix and Kumar, Sanjiv},
  booktitle={International Conference on Machine Learning},
  year={2020},
  URL={https://arxiv.org/abs/1908.10396}
}



@article{subramanya2019diskann,
  title = {DiskANN: Fast Accurate Billion-point Nearest Neighbor Search on a Single Node},
  author={Jayaram Subramanya, Suhas and Devvrit, Fnu and Simhadri, Harsha Vardhan and Krishnawamy, Ravishankar and Kadekodi, Rohan},
  journal={Advances in Neural Information Processing Systems},
  volume={32},
  year={2019},
  URL={https://proceedings.neurips.cc/paper/2019/hash/09853c7fb1d3f8ee67a61b6bf4a7f8e6-Abstract.html}
}
