%% This BibTeX bibliography file was created using BibDesk.
%% http://bibdesk.sourceforge.net/


%% Created for Omer Lev at 2014-11-19 00:09:39 +0200 


%% Saved with string encoding Unicode (UTF-8) 



@inproceedings{CKS08,
	Address = {Reykjavik, Iceland},
	Author = {George Christodoulou and Annam{\'a}ria Kov{\'a}cs and Michael Schapira},
	Booktitle = {Proceedings of the 35th International Colloquium on Automata, Languages and Programming (ICALP)},
	Date-Added = {2014-07-22 03:43:42 +0000},
	Date-Modified = {2014-07-22 03:46:45 +0000},
	Month = {July},
	Pages = {820-832},
	Title = {Bayesian Combinatorial Auctions},
	Year = {2008}}

@techreport{HR12,
	Author = {Sergiu Hart and Philip J. Reny},
	Date-Added = {2014-07-22 03:31:06 +0000},
	Date-Modified = {2014-07-22 03:32:21 +0000},
	Institution = {Hebrew University of Jerusalem, Center for Rationality},
	Number = {630},
	Title = {Maximizing revenue with multiple goods: Nonmonotonicity and other observations},
	Type = {DP},
	Year = {2012}}

@inproceedings{HN12,
	Address = {Valencia, Spain},
	Author = {Sergiu Hart and Noam Nisan},
	Booktitle = {Proceedings of the 13th ACM Conference on Electronic Commerce (EC)},
	Date-Added = {2014-07-22 03:25:39 +0000},
	Date-Modified = {2014-07-22 03:28:32 +0000},
	Month = {June},
	Pages = {656},
	Title = {Approximate Revenue Maximization with Multiple Items},
	Year = {2012}}

@article{BabaioffNL14,
	Author = {Moshe Babaioff and Noam Nisan and Renato Paes Leme},
	Ee = {http://arxiv.org/abs/1401.1559},
	Journal = {CoRR},
	Title = {Price Competition in Online Combinatorial Markets},
	Volume = {abs/1401.1559},
	Year = {2014}}

@article{jain2012,
	Author = {Kamal Jain and Christopher A. Wilkens},
	Bibsource = {DBLP, http://dblp.uni-trier.de},
	Ee = {http://arxiv.org/abs/1209.5348},
	Journal = {CoRR},
	Title = {eBay's Market Intermediation Problem},
	Volume = {abs/1209.5348},
	Year = {2012}}

@inproceedings{Roughgarden:2009,
	Acmid = {1536485},
	Address = {New York, NY, USA},
	Author = {Roughgarden, Tim},
	Booktitle = {Proceedings of the Forty-first Annual ACM Symposium on Theory of Computing},
	Doi = {10.1145/1536414.1536485},
	Isbn = {978-1-60558-506-2},
	Keywords = {congestion games, nash equilibria, price of anarchy, regret-minimizat},
	Location = {Bethesda, MD, USA},
	Numpages = {10},
	Pages = {513--522},
	Publisher = {ACM},
	Series = {STOC '09},
	Title = {Intrinsic Robustness of the Price of Anarchy},
	Url = {http://doi.acm.org/10.1145/1536414.1536485},
	Year = {2009},
	Bdsk-Url-1 = {http://doi.acm.org/10.1145/1536414.1536485},
	Bdsk-Url-2 = {http://dx.doi.org/10.1145/1536414.1536485}}

@article{angwin2012coming,
	Author = {Angwin, Julia and Mattioli, Dana},
	Journal = {The Wall Street Journal},
	Title = {Coming soon: Toilet paper priced like airline tickets},
	Url = {http://online.wsj.com/news/articles/SB10000872396390444914904577617333130724846},
	Year = {2012},
	Bdsk-Url-1 = {http://online.wsj.com/news/articles/SB10000872396390444914904577617333130724846}}

@article{skorupa14,
	Author = {Skorupa, Joe},
	Journal = {Retail Infor Systems News},
	Title = {Pricing Intelligence Goes to War},
	Url = {http://risnews.edgl.com/retail-research/Pricing-Intelligence-Goes-to-War90346},
	Year = {2014},
	Bdsk-Url-1 = {http://risnews.edgl.com/retail-research/Pricing-Intelligence-Goes-to-War90346}}

@inproceedings{Guruswami:2005:PEP:1070432.1070598,
	Acmid = {1070598},
	Address = {Philadelphia, PA, USA},
	Author = {Guruswami, Venkatesan and Hartline, Jason D. and Karlin, Anna R. and Kempe, David and Kenyon, Claire and McSherry, Frank},
	Booktitle = {Proceedings of the Sixteenth Annual ACM-SIAM Symposium on Discrete Algorithms},
	Isbn = {0-89871-585-7},
	Location = {Vancouver, British Columbia},
	Numpages = {10},
	Pages = {1164--1173},
	Publisher = {Society for Industrial and Applied Mathematics},
	Series = {SODA '05},
	Title = {On Profit-maximizing Envy-free Pricing},
	Url = {http://dl.acm.org/citation.cfm?id=1070432.1070598},
	Year = {2005},
	Bdsk-Url-1 = {http://dl.acm.org/citation.cfm?id=1070432.1070598}}

@inproceedings{oren2014game,
	Author = {Oren, Joel and Narodytska, Nina and Boutilier, Craig},
	Booktitle = {Proceedings of the 28th AAAI Conference On Artificial Intelligence (AAAI)},
	Date-Modified = {2014-11-18 22:09:08 +0000},
	Pages = {1463-1470},
	Title = {A Game-Theoretic Analysis of Catalog Optimization},
	Year = 2014}

@article{schon,
	Author = {Sch\"{o}n, Cornelia},
	Journal = {European Journal of Operational Research},
	Keywords = {Pricing Product line design},
	Month = {October},
	Number = {1},
	Pages = {260-264},
	Title = {On the product line selection problem under attraction choice models of consumer behavior},
	Url = {http://ideas.repec.org/a/eee/ejores/v206y2010i1p260-264.html},
	Volume = {206},
	Year = 2010,
	Bdsk-Url-1 = {http://ideas.repec.org/a/eee/ejores/v206y2010i1p260-264.html}}

@book{moutinho2014routledge,
	Author = {Moutinho, L. and Bign{\'e}, E. and Manrai, A.K.},
	Isbn = {9781136242854},
	Publisher = {Taylor \& Francis},
	Series = {Routledge Companions in Business, Management and Accounting},
	Title = {The Routledge Companion to the Future of Marketing},
	Url = {http://books.google.ca/books?id=BMw0AwAAQBAJ},
	Year = {2014},
	Bdsk-Url-1 = {http://books.google.ca/books?id=BMw0AwAAQBAJ}}
