@STRING{tum = {Department for Computer Science, Technical University of Munich}}
@STRING{lncs = {Lecture Notes in Computer Science (LNCS)}}
@STRING{lnai = {Lecture Notes in Artificial Intelligence (LNAI)}}
@STRING{proc = {Proceedings of the }}
@STRING{cryptadv = {Advances in Cryptology - Proceedings of the }}
@STRING{ijcai = { International Joint Conference on Artificial Intelligence (IJCAI)}}
@STRING{stoc = { Annual ACM Symposium on Theory of Computing (STOC)}}
@STRING{focs = { Symposium on Foundations of Computer Science (FOCS)}}
@STRING{soda = { Annual ACM-SIAM Symposium on Discrete Algorithms (SODA)}}
@STRING{eurocrypt = { Eurocrypt Conference}}
@STRING{crypto = { Annual International Cryptology Conference (CRYPTO)}}
@STRING{asiacrypt = { Asiacrypt Conference}}
@STRING{aamas = { International Conference on Autonomous Agents and Multi-Agent Systems (AAMAS)}}
@STRING{aaai = { AAAI Conference on Artificial Intelligence (AAAI)}}
@STRING{aaaiold = { National Conference on Artificial Intelligence (AAAI)}}
@STRING{fc = { Annual Conference on Financial Cryptography (FC)}}
@STRING{fcds = { International Conference on Financial Cryptography and Data Security (FC)}}
@STRING{pkc = { International Workshop on Practice and Theory in Public Key Cryptography (PKC)}}
@STRING{acmecold = { ACM Conference on Electronic Commerce (ACM-EC)}}
@STRING{acmec = { ACM Conference on Economics and Computation (ACM-EC)}}
@STRING{stacs = { International Symposium on Theoretical Aspects of Computer Science (STACS)}}
@STRING{uai = { Annual Conference on Uncertainty in Artificial Intelligence (UAI)}}
@STRING{tark = { Conference on Theoretical Aspects of Rationality and Knowledge (TARK)}}
@STRING{ccc = { Annual IEEE Conference on Computational Complexity (CCC)}}
@STRING{sagt = { International Symposium on Algorithmic Game Theory (SAGT)}}
@STRING{wine = { International Workshop on Internet and Network Economics (WINE)}}
@STRING{ciac = { International Conference on Algorithms and Complexity (CIAC)}}
@STRING{ecai = { European Conference on Artificial Intelligence (ECAI)}}
@STRING{kr = { International Conference on Principles of Knowledge Representation and Reasoning (KR)}}
@STRING{cocoon = { Annual International Computing and Combinatorics Conference (COCOON)}}
@STRING{isaim = { International Symposium on Artificial Intelligence and Mathematics (ISAIM)}}
@STRING{isaac = { International Symposium on Algorithms and Computation (ISAAC)}}
@STRING{icml = { International Conference on Machine Learning (ICML)}}
@STRING{adt = { International Conference on Algorithmic Decision Theory (ADT)}}
@STRING{icalp = { International Colloquium on Automata, Languages, and Programming (ICALP)}}
@STRING{sigcse = { ACM Technical Symposium on Computer Science Education (ACM-SIGCSE)}}
@STRING{edm = { International Conference on Educational Data Mining (EDM)}}

@STRING{springer = {Springer-Verlag}}
@STRING{acm = {ACM Press}}
@STRING{ieee = {IEEE Computer Society Press}}
	
@STRING{ip = {In preparation}}
@STRING{ur = {Working paper}}
@STRING{ta = {Forthcoming}}

@STRING{wp = {Working paper}}
@STRING{sb = {Submitted}}

@STRING{acmtois = {ACM Transactions on Information Systems (TOIS)}}
@STRING{acmtchi = {ACM Transactions on Computer Human Interaction (TOCHI)}}
@STRING{amai = {Annals of Mathematics and Artificial Intelligence}}


@string{stacs08 = {Proceedings of the 25th International Symposium on Theoretical Aspects of Computer Science (STACS)}}

@string{stoc04 = {Proceedings of the 36th Annual ACM Symposium on Theory of Computing (STOC)}}


@STRING{path ={http://dss.in.tum.de/files/brandt-research/}}