@inproceedings{sakaki2010earthquake,
  title={Earthquake shakes Twitter users: real-time event detection by social sensors},
  author={Sakaki, Takeshi and Okazaki, Makoto and Matsuo, Yutaka},
  booktitle={WWW},
  year={2010}
}

@inproceedings{benson2011event,
  title={Event discovery in social media feeds},
  author={Benson, Edward and Haghighi, Aria and Barzilay, Regina},
  booktitle={ACL},
  year={2011}
}

@techreport{gao2011harnessing,
  title={Harnessing the crowdsourcing power of social media for disaster relief},
  author={Gao, Huiji and Barbier, Geoffrey and Goolsby, Rebecca and Zeng, Daniel},
  institution={Arizona State Univ Tempe}
}

@inproceedings{becker2012identifying,
  title={Identifying content for planned events across social media sites},
  author={Becker, Hila and Iter, Dan and Naaman, Mor and Gravano, Luis},
  booktitle={Proceedings of the fifth ACM international conference on Web search and data mining},
  year={2012}
}

@inproceedings{ritter2012open,
  title={Open domain event extraction from twitter},
  author={Ritter, Alan and Etzioni, Oren and Clark, Sam and others},
  booktitle={KDD},
  year={2012}
}

@article{mikolov2013efficient,
  title={Efficient estimation of word representations in vector space},
  author={Mikolov, Tomas and Chen, Kai and Corrado, Greg and Dean, Jeffrey},
  journal={arXiv preprint arXiv:1301.3781},
  year={2013}
}

@inproceedings{ritter2015weakly,
  title={Weakly supervised extraction of computer security events from twitter},
  author={Ritter, Alan and Wright, Evan and Casey, William and Mitchell, Tom},
  booktitle={WWW},
  year={2015}
}

@article{atefeh2015survey,
  title={A survey of techniques for event detection in twitter},
  author={Atefeh, Farzindar and Khreich, Wael},
  journal={Computational Intelligence},
  volume={31},
  number={1},
  year={2015}
}

@inproceedings{akbari2016tweets,
  title={From Tweets to Wellness: Wellness Event Detection from Twitter Streams.},
  author={Akbari, Mohammad and Hu, Xia and Nie, Liqiang and Chua, Tat-Seng},
  booktitle={AAAI},
  year={2016}
}

@inproceedings{liu2016reuters,
  title={Reuters tracer: A large scale system of detecting \& verifying real-time news events from twitter},
  author={Liu, Xiaomo and Li, Quanzhi and Nourbakhsh, Armineh and Fang, Rui and Thomas, Merine and Anderson, Kajsa and Kociuba, Russ and Vedder, Mark and Pomerville, Steven and Wudali, Ramdev and others},
  booktitle={CIKM},
  year={2016}
}

@inproceedings{proskurnia2017efficient,
  title={Efficient Document Filtering Using Vector Space Topic Expansion and Pattern-Mining: The Case of Event Detection in Microposts},
  author={Proskurnia, Julia and Mavlyutov, Ruslan and Castillo, Carlos and Aberer, Karl and Cudr{\'e}-Mauroux, Philippe},
  booktitle={CIKM},
  year={2017}
}

@inproceedings{konovalov2017learning,
  title={Learning to Extract Events from Knowledge Base Revisions},
  author={Konovalov, Alexander and Strauss, Benjamin and Ritter, Alan and O'Connor, Brendan},
  booktitle={WWW},
  year={2017}
}

@inproceedings{chang2016expectation,
  title={Expectation-regulated neural model for event mention extraction},
  author={Chang, Ching-Yun and Teng, Zhiyang and Zhang, Yue},
  booktitle={NAACL},
  year={2016}
}

@article{blei2017variational,
  title={Variational inference: A review for statisticians},
  author={Blei, David M and Kucukelbir, Alp and McAuliffe, Jon D},
  journal={Journal of the American Statistical Association},
  volume={112},
  number={518},
  year={2017}
}

@inproceedings{mann2007simple,
  title={Simple, robust, scalable semi-supervised learning via expectation regularization},
  author={Mann, Gideon S and McCallum, Andrew},
  booktitle={ICML},
  year={2007}
}

@inproceedings{druck2008learning,
  title={Learning from labeled features using generalized expectation criteria},
  author={Druck, Gregory and Mann, Gideon and McCallum, Andrew},
  booktitle={SIGIR},
  year={2008}
}

@article{mann2010generalized,
  title={Generalized expectation criteria for semi-supervised learning with weakly labeled data},
  author={Mann, Gideon S and McCallum, Andrew},
  journal={JMLR},
  volume={11},
  number={Feb},
  year={2010}
}

@article{dawid1979maximum,
  title={Maximum likelihood estimation of observer error-rates using the EM algorithm},
  author={Dawid, Alexander Philip and Skene, Allan M},
  journal={Applied statistics},
  year={1979},
  publisher={JSTOR}
}

@inproceedings{whitehill2009whose,
  title={Whose vote should count more: Optimal integration of labels from labelers of unknown expertise},
  author={Whitehill, Jacob and Wu, Ting-fan and Bergsma, Jacob and Movellan, Javier R and Ruvolo, Paul L},
  booktitle={NIPS},
  year={2009}
}

@inproceedings{tonon2017armatweet,
  title={ArmaTweet: detecting events by semantic tweet analysis},
  author={Tonon, Alberto and Cudr{\'e}-Mauroux, Philippe and Blarer, Albert and Lenders, Vincent and Motik, Boris},
  booktitle={ESWC},
  pages={138--153},
  year={2017},
  organization={Springer}
}

@inproceedings{mcminn2013building,
  title={Building a large-scale corpus for evaluating event detection on twitter},
  author={McMinn, Andrew J and Moshfeghi, Yashar and Jose, Joemon M},
  booktitle={CIKM},
  pages={409--418},
  year={2013},
  organization={ACM}
}

@inproceedings{lee2017adverse,
  title={Adverse drug event detection in tweets with semi-supervised convolutional neural networks},
  author={Lee, Kathy and Qadir, Ashequl and Hasan, Sadid A and Datla, Vivek and Prakash, Aaditya and Liu, Joey and Farri, Oladimeji},
  booktitle={WWW},
  year={2017}
}

@inproceedings{koh2017understanding,
  title={Understanding black-box predictions via influence functions},
  author={Koh, Pang Wei and Liang, Percy},
  booktitle={ICML},
  year={2017}
}

@article{lipton2016mythos,
  title={The mythos of model interpretability},
  author={Lipton, Zachary C},
  journal={arXiv preprint arXiv:1606.03490},
  year={2016}
}

@article{doshi2017towards,
  title={Towards a rigorous science of interpretable machine learning},
  author={Doshi-Velez, Finale and Kim, Been},
  journal={arXiv preprint arXiv:1702.08608},
  year={2017}
}

@inproceedings{ribeiro2016should,
  title={Why should I trust you?: Explaining the predictions of any classifier},
  author={Ribeiro, Marco Tulio and Singh, Sameer and Guestrin, Carlos},
  booktitle={KDD},
  year={2016}
}

@article{vaughan2017making,
  author  = {Jennifer Wortman Vaughan},
  title   = {Making better use of the crowd: How crowdsourcing can advance machine learning research},
  journal = {JMLR},
  year    = {2018},
  volume  = {18},
  number  = {193},
}

@article{zheng2017truth,
  title={Truth inference in crowdsourcing: is the problem solved?},
  author={Zheng, Yudian and Li, Guoliang and Li, Yuanbing and Shan, Caihua and Cheng, Reynold},
  journal={PVLDB},
  year={2017}
}

@inproceedings{williams2016axis,
  title={Axis: Generating explanations at scale with learnersourcing and machine learning},
  author={Williams, Joseph Jay and Kim, Juho and Rafferty, Anna and Maldonado, Samuel and Gajos, Krzysztof Z and Lasecki, Walter S and Heffernan, Neil},
  booktitle={L@S},
  year={2016}
}

@inproceedings{chang2016crowd,
  title={Crowd-based personalized natural language explanations for recommendations},
  author={Chang, Shuo and Harper, F Maxwell and Terveen, Loren Gilbert},
  booktitle={RecSys},
  year={2016}
}

@inproceedings{mcdonnell2016relevant,
  title={Why is that relevant? Collecting annotator rationales for relevance judgments},
  author={McDonnell, Tyler and Lease, Matthew and Kutlu, Mucahid and Elsayed, Tamer},
  booktitle={HCOMP},
  year={2016}
}

@article{dempster1977maximum,
  title={Maximum likelihood from incomplete data via the EM algorithm},
  author={Dempster, Arthur P and Laird, Nan M and Rubin, Donald B},
  journal={Journal of the royal statistical society. Series B (methodological)},
  year={1977}
}

@inproceedings{yang2018leveraging,
  title={Leveraging Crowdsourcing Data For Deep Active Learning An Application: Learning Intents in Alexa},
  author={Yang, Jie and Drake, Thomas and Damianou, Andreas and Maarek, Yoelle},
  booktitle={WWW},
  year={2018}
}

@inproceedings{chierichetti2014event,
  title={Event Detection via Communication Pattern Analysis.},
  author={Chierichetti, Flavio and Kleinberg, Jon M and Kumar, Ravi and Mahdian, Mohammad and Pandey, Sandeep},
  booktitle={ICWSM},
  year={2014}
}

@inproceedings{baruah2015evaluating,
  title={Evaluating streams of evolving news events},
  author={Baruah, Gaurav and Smucker, Mark D and Clarke, Charles LA},
  booktitle={SIGIR},
  year={2015}
}

@article{yin2012using,
  title={Using social media to enhance emergency situation awareness},
  author={Yin, Jie and Lampert, Andrew and Cameron, Mark and Robinson, Bella and Power, Robert},
  journal={IEEE Intelligent Systems},
  volume={27},
  number={6},
  year={2012}
}

@inproceedings{sadri2016online,
  title={Online adaptive topic focused tweet acquisition},
  author={Sadri, Mehdi and Mehrotra, Sharad and Yu, Yaming},
  booktitle={CIKM},
  year={2016}
}

@inproceedings{tian2012learning,
  title={Learning from crowds in the presence of schools of thought},
  author={Tian, Yuandong and Zhu, Jun},
  booktitle={KDD},
  year={2012}
}

@inproceedings{yan2011active,
  title={Active learning from crowds.},
  author={Yan, Yan and Rosales, Romer and Fung, Glenn and Dy, Jennifer G},
  booktitle={ICML},
  volume={11},
  year={2011}
}

@article{koh2017understanding,
  title={Understanding black-box predictions via influence functions},
  author={Koh, Pang Wei and Liang, Percy},
  journal={arXiv preprint arXiv:1703.04730},
  year={2017}
}

@article{parikh2011human,
  title={Human-debugging of machines},
  author={Parikh, Devi and Zitnick, C},
  journal={Second NIPS Workshop on Computational Social Science and the Wisdom of Crowds},
  volume={2},
  number={7},
  pages={3},
  year={2011}
}

@inproceedings{mottaghi2013analyzing,
  title={Analyzing semantic segmentation using hybrid human-machine CRFs},
  author={Mottaghi, Roozbeh and Fidler, Sanja and Yao, Jian and Urtasun, Raquel and Parikh, Devi},
  booktitle={CVPR},
  year={2013}
}

@inproceedings{nushi2017human,
  title={On Human Intellect and Machine Failures: Troubleshooting Integrative Machine Learning Systems.},
  author={Nushi, Besmira and Kamar, Ece and Horvitz, Eric and Kossmann, Donald},
  booktitle={AAAI},
  year={2017}
}

@inproceedings{chambers2018detecting,
  title={Detecting Denial-of-Service Attacks from Social Media Text: Applying NLP to Computer Security},
  author={Chambers, Nathanael and Fry, Ben and McMasters, James},
  booktitle={NAACL},
  year={2018}
}

@article{kingma2014adam,
  title={Adam: A method for stochastic optimization},
  author={Kingma, Diederik P and Ba, Jimmy},
  journal={arXiv preprint arXiv:1412.6980},
  year={2014}
}

@inproceedings{myers2014bursty,
  title={The bursty dynamics of the twitter information network},
  author={Myers, Seth A and Leskovec, Jure},
  booktitle={WWW},
  year={2014}
}

@article{diaz2016query,
  title={Query expansion with locally-trained word embeddings},
  author={Diaz, Fernando and Mitra, Bhaskar and Craswell, Nick},
  journal={arXiv preprint arXiv:1605.07891},
  year={2016}
}

@inproceedings{kuzi2016query,
  title={Query expansion using word embeddings},
  author={Kuzi, Saar and Shtok, Anna and Kurland, Oren},
  booktitle={CIKM},
  year={2016}
}

@article{law2011human,
  title={Human computation},
  author={Law, Edith and Ahn, Luis von},
  journal={Synthesis Lectures on Artificial Intelligence and Machine Learning},
  volume={5},
  number={3},
  year={2011}
}

@inproceedings{both2017linking,
  title={Linking Dutch World War II Cultural Heritage Collections with Events Extracted by Machines and Crowds.},
  author={Both, Jessie and de Hooge, Didi and IJff, Ramses and Inel, Oana and de Boer, Victor and Aroyo, Lora},
  booktitle={SEMANTICS Workshops},
  year={2017}
}

@article{bhardwaj2019TKDE,
  author = {Bhardwaj, Akansha and Blarer, Albert and Cudre-Mauroux, Philippe and Lenders, Vincent and Motik, Boris and Tanner, Axel and Tonon, Alberto},
  year = {2019},
  month = oct,
  pages = {1-1},
  title = {Event Detection on Microposts: a Comparison of Four Approaches},
  volume = {PP},
  journal = {IEEE TKDE},
  doi = {10.1109/TKDE.2019.2944815},
  url = {https://exascale.info/assets/pdf/bhardwaj2019TKDE.pdf}
}

@inproceedings{yang2019scalpel,
  title={Scalpel-cd: leveraging crowdsourcing and deep probabilistic modeling for debugging noisy training data},
  author={Yang, Jie and Smirnova, Alisa and Yang, Dingqi and Demartini, Gianluca and Lu, Yuan and Cudr{\'e}-Mauroux, Philippe},
  booktitle={WWW},
  year={2019}
}

@article{krishnan2016activeclean,
  title={ActiveClean: interactive data cleaning for statistical modeling},
  author={Krishnan, Sanjay and Wang, Jiannan and Wu, Eugene and Franklin, Michael J and Goldberg, Ken},
  journal={PVLDB},
  volume={9},
  number={12},
  pages={948--959},
  year={2016}
}