@inproceedings{li2019gs3d,
  title={Gs3d: An efficient 3d object detection framework for autonomous driving},
  author={Li, Buyu and Ouyang, Wanli and Sheng, Lu and Zeng, Xingyu and Wang, Xiaogang},
  booktitle={Proceedings of IEEE/CVF Conference on Computer Vision and Pattern Recognition},
  year={2019}
}

@inproceedings{zuo2019craves,
  title={Craves: Controlling robotic arm with a vision-based economic system},
  author={Zuo, Yiming and Qiu, Weichao and Xie, Lingxi and Zhong, Fangwei and Wang, Yizhou and Yuille, Alan L},
  booktitle={Proceedings of IEEE/CVF Conference on Computer Vision and Pattern Recognition},
  year={2019}
}

@article{li2018learning,
  title={Learning IoT in edge: Deep learning for the Internet of Things with edge computing},
  author={Li, He and Ota, Kaoru and Dong, Mianxiong},
  journal={IEEE network},
  volume={32},
  number={1},
  pages={96--101},
  year={2018},
  publisher={IEEE}
}

@article{zhou2002ensembling,
  title={Ensembling neural networks: many could be better than all},
  author={Zhou, Zhi-Hua and Wu, Jianxin and Tang, Wei},
  journal={Artificial intelligence},
  number={1-2},
  pages={239--263},
  year={2002},
  publisher={Elsevier}
}

@inproceedings{irvin2019chexpert,
  title={Chexpert: A large chest radiograph dataset with uncertainty labels and expert comparison},
  author={Irvin, Jeremy and Rajpurkar, Pranav and Ko, Michael and Yu, Yifan and Ciurea-Ilcus, Silviana and Chute, Chris and Marklund, Henrik and Haghgoo, Behzad and Ball, Robyn and Shpanskaya, Katie and others},
  booktitle={Association for the Advancement of Artificial Intelligence},
  volume={33},
  pages={590--597},
  year={2019}
}

@article{krizhevsky2009learning,
  title={Learning multiple layers of features from tiny images},
  author={Krizhevsky, Alex and Hinton, Geoffrey and others},
  year={2009},
  publisher={Citeseer}
}


@inproceedings{mcmahan2017communication,
  title={Communication-efficient learning of deep networks from decentralized data},
  author={McMahan, Brendan and Moore, Eider and Ramage, Daniel and Hampson, Seth and y Arcas, Blaise Aguera},
  booktitle={Artificial Intelligence and Statistics},
  pages={1273--1282},
  year={2017},
  organization={PMLR}
}

@article{li2018federated,
  title={Federated optimization in heterogeneous networks},
  author={Li, Tian and Sahu, Anit Kumar and Zaheer, Manzil and Sanjabi, Maziar and Talwalkar, Ameet and Smith, Virginia},
  journal={arXiv preprint arXiv:1812.06127},
  year={2018}
}

@inproceedings{mohri2019agnostic,
  title={Agnostic federated learning},
  author={Mohri, Mehryar and Sivek, Gary and Suresh, Ananda Theertha},
  booktitle={Proceedings of International Conference on Machine Learning},
  pages={4615--4625},
  year={2019}
}
@article{zhao2018federated,
  title={Federated learning with non-iid data},
  author={Zhao, Yue and Li, Meng and Lai, Liangzhen and Suda, Naveen and Civin, Damon and Chandra, Vikas},
  journal={arXiv preprint arXiv:1806.00582},
  year={2018}
}

@article{hsu2019measuring,
  title={Measuring the effects of non-identical data distribution for federated visual classification},
  author={Hsu, Tzu-Ming Harry and Qi, Hang and Brown, Matthew},
  journal={arXiv preprint arXiv:1909.06335},
  year={2019}
}


@inproceedings{wang2020federated,
  title={Federated learning with matched averaging},
  author={Wang, Hongyi and Yurochkin, Mikhail and Sun, Yuekai and Papailiopoulos, Dimitris and Khazaeni, Yasaman},
  booktitle={Proceedings of International Conference on Learning Representations},
  year={2020}
}

@inproceedings{hsu2020federated,
  title={Federated Visual Classification with Real-World Data Distribution},
  author={Hsu, Tzu-Ming Harry and Qi, Hang and Brown, Matthew},
  booktitle={Proceedings of European Conference on Computer Vision},
  year={2020}
}

@inproceedings{li2019fair,
  title={Fair resource allocation in federated learning},
  author={Li, Tian and Sanjabi, Maziar and Beirami, Ahmad and Smith, Virginia},
  booktitle={Proceedings of International Conference on Learning Representations},
  year={2020}
}

@inproceedings{karimireddy2019scaffold,
  title={Scaffold: Stochastic controlled averaging for on-device federated learning},
  author={Karimireddy, Sai Praneeth and Kale, Satyen and Mohri, Mehryar and Reddi, Sashank J and Stich, Sebastian U and Suresh, Ananda Theertha},
  booktitle={Proceedings of International Conference on Machine Learning},
  year={2020}
}

@article{jeong2018communication,
  title={Communication-efficient on-device machine learning: Federated distillation and augmentation under non-iid private data},
  author={Jeong, Eunjeong and Oh, Seungeun and Kim, Hyesung and Park, Jihong and Bennis, Mehdi and Kim, Seong-Lyun},
  journal={arXiv preprint arXiv:1811.11479},
  year={2018}
}

@article{li2019fedmd,
  title={Fedmd: Heterogenous federated learning via model distillation},
  author={Li, Daliang and Wang, Junpu},
  journal={arXiv preprint arXiv:1910.03581},
  year={2019}
}

@article{chang2019cronus,
  title={Cronus: Robust and Heterogeneous Collaborative Learning with Black-Box Knowledge Transfer},
  author={Chang, Hongyan and Shejwalkar, Virat and Shokri, Reza and Houmansadr, Amir},
  journal={arXiv preprint arXiv:1912.11279},
  year={2019}
}

@inproceedings{lin2020ensemble,
  title={Ensemble Distillation for Robust Model Fusion in Federated Learning},
  author={Lin, Tao and Kong, Lingjing and Stich, Sebastian U and Jaggi, Martin},
  booktitle={Proceedings of Conference on Neural Information Processing Systems},
  year={2020}
}

@article{guha2019one,
  title={One-shot federated learning},
  author={Guha, Neel and Talwalkar, Ameet and Smith, Virginia},
  journal={arXiv preprint arXiv:1902.11175},
  year={2019}
}

@inproceedings{shazeer2017outrageously,
  title={Outrageously large neural networks: The sparsely-gated mixture-of-experts layer},
  author={Shazeer, Noam and Mirhoseini, Azalia and Maziarz, Krzysztof and Davis, Andy and Le, Quoc and Hinton, Geoffrey and Dean, Jeff},
  booktitle={Proceedings of International Conference on Learning Representations},
  year={2017}
}

@article{asif2019ensemble,
  title={Ensemble knowledge distillation for learning improved and efficient networks},
  author={Asif, Umar and Tang, Jianbin and Harrer, Stefan},
  journal={arXiv preprint arXiv:1909.08097},
  year={2019}
}

@inproceedings{vongkulbhisal2019unifying,
  title={Unifying heterogeneous classifiers with distillation},
  author={Vongkulbhisal, Jayakorn and Vinayavekhin, Phongtharin and Visentini-Scarzanella, Marco},
  booktitle={Proceedings of IEEE/CVF Conference on Computer Vision and Pattern Recognition},
  pages={3175--3184},
  year={2019}
}

@inproceedings{xiang2020learning,
  title={Learning from multiple experts: Self-paced knowledge distillation for long-tailed classification},
  author={Xiang, Liuyu and Ding, Guiguang and Han, Jungong},
  booktitle={Proceedings of European Conference on Computer Vision},
  pages={247--263},
  year={2020},
  organization={Springer}
}

@inproceedings{dietterich2000ensemble,
  title={Ensemble methods in machine learning},
  author={Dietterich, Thomas G},
  booktitle={Proceedings of International workshop on multiple classifier systems},
  pages={1--15},
  year={2000},
  organization={Springer}
}

@inproceedings{johnson2016perceptual,
  title={Perceptual losses for real-time style transfer and super-resolution},
  author={Johnson, Justin and Alahi, Alexandre and Fei-Fei, Li},
  booktitle={Proceedings of European conference on computer vision},
  pages={694--711},
  year={2016},
  organization={Springer}
}

@article{radford2015unsupervised,
  title={Unsupervised representation learning with deep convolutional generative adversarial networks},
  author={Radford, Alec and Metz, Luke and Chintala, Soumith},
  journal={arXiv preprint arXiv:1511.06434},
  year={2015}
}

@inproceedings{caruana2004ensemble,
  title={Ensemble selection from libraries of models},
  author={Caruana, Rich and Niculescu-Mizil, Alexandru and Crew, Geoff and Ksikes, Alex},
  booktitle={Proceedings of International Conference on Machine Learning},
  pages={18},
  year={2004}
}

@article{avnimelech1999boosted,
  title={Boosted mixture of experts: an ensemble learning scheme},
  author={Avnimelech, Ran and Intrator, Nathan},
  journal={Neural Computation},
  volume={11},
  number={2},
  pages={483--497},
  year={1999},
  publisher={MIT Press}
}

@article{bishop2012bayesian,
  title={Bayesian hierarchical mixtures of experts},
  author={Bishop, Christopher M and Svens{\'e}n, Markus},
  journal={arXiv preprint arXiv:1212.2447},
  year={2012}
}

@article{hinton2015distilling,
  title={Distilling the knowledge in a neural network},
  author={Hinton, Geoffrey and Vinyals, Oriol and Dean, Jeff},
  journal={arXiv preprint arXiv:1503.02531},
  year={2015}
}

@article{furlanello2018born,
  title={Born again neural networks},
  author={Furlanello, Tommaso and Lipton, Zachary C and Tschannen, Michael and Itti, Laurent and Anandkumar, Anima},
  journal={Proceedings of Machine Learning Research},
  year={2018}
}

@inproceedings{you2017learning,
  title={Learning from multiple teacher networks},
  author={You, Shan and Xu, Chang and Xu, Chao and Tao, Dacheng},
  booktitle={23rd ACM SIGKDD International Conference on Knowledge Discovery and Data Mining},
  pages={1285--1294},
  year={2017}
}

@article{anil2018large,
  title={Large scale distributed neural network training through online distillation},
  author={Anil, Rohan and Pereyra, Gabriel and Passos, Alexandre and Ormandi, Robert and Dahl, George E and Hinton, Geoffrey E},
  journal={arXiv preprint arXiv:1804.03235},
  year={2018}
}

@inproceedings{dvornik2019diversity,
  title={Diversity with cooperation: Ensemble methods for few-shot classification},
  author={Dvornik, Nikita and Schmid, Cordelia and Mairal, Julien},
  booktitle={Proceedings of IEEE/CVF International Conference on Computer Vision},
  pages={3723--3731},
  year={2019}
}

@inproceedings{wu2019distilled,
  title={Distilled person re-identification: Towards a more scalable system},
  author={Wu, Ancong and Zheng, Wei-Shi and Guo, Xiaowei and Lai, Jian-Huang},
  booktitle={Proceedings of IEEE/CVF Conference on Computer Vision and Pattern Recognition},
  pages={1187--1196},
  year={2019}
}

@article{park2020feed,
  title={FEED: Feature-level Ensemble for Knowledge Distillation},
  author={Park, SeongUk and Kwak, Nojun},
  booktitle={Association for the Advancement of Artificial Intelligence},
  year={2020}
}

@inproceedings{liu2019knowledge,
  title={Knowledge flow: Improve upon your teachers},
  author={Liu, Iou-Jen and Peng, Jian and Schwing, Alexander G},
  booktitle={Proceedings of International Conference on Learning Representations},
  year={2019}
}

@inproceedings{romero2014fitnets,
  title={Fitnets: Hints for thin deep nets},
  author={Romero, Adriana and Ballas, Nicolas and Kahou, Samira Ebrahimi and Chassang, Antoine and Gatta, Carlo and Bengio, Yoshua},
  booktitle={Proceedings of International Conference on Learning Representations},
  year={2015}
}

@inproceedings{zagoruyko2017paying,
  title={Paying more attention to attention: Improving the performance of convolutional neural networks via attention transfer},
  author={Zagoruyko, Sergey and Komodakis, Nikos},
  booktitle={Proceedings of International Conference on Learning Representations},
  year={2017}
}

@inproceedings{yim2017gift,
  title={A gift from knowledge distillation: Fast optimization, network minimization and transfer learning},
  author={Yim, Junho and Joo, Donggyu and Bae, Jihoon and Kim, Junmo},
  booktitle={Proceedings of IEEE/CVF Conference on Computer Vision and Pattern Recognition},
  pages={4133--4141},
  year={2017}
}

@article{huang2017like,
  title={Like what you like: Knowledge distill via neuron selectivity transfer},
  author={Huang, Zehao and Wang, Naiyan},
  journal={arXiv preprint arXiv:1707.01219},
  year={2017}
}

@inproceedings{dhar2019learning,
  title={Learning without memorizing},
  author={Dhar, Prithviraj and Singh, Rajat Vikram and Peng, Kuan-Chuan and Wu, Ziyan and Chellappa, Rama},
  booktitle={Proceedings of IEEE/CVF Conference on Computer Vision and Pattern Recognition},
  pages={5138--5146},
  year={2019}
}

@inproceedings{song2018collaborative,
  title={Collaborative learning for deep neural networks},
  author={Song, Guocong and Chai, Wei},
  booktitle={Proceedings of Conference on Neural Information Processing Systems},
  pages={1832--1841},
  year={2018}
}

@inproceedings{guo2020online,
  title={Online Knowledge Distillation via Collaborative Learning},
  author={Guo, Qiushan and Wang, Xinjiang and Wu, Yichao and Yu, Zhipeng and Liang, Ding and Hu, Xiaolin and Luo, Ping},
  booktitle={Proceedings of IEEE/CVF Conference on Computer Vision and Pattern Recognition},
  pages={11020--11029},
  year={2020}
}

@inproceedings{zhu2019deep,
  title={Deep leakage from gradients},
  author={Zhu, Ligeng and Liu, Zhijian and Han, Song},
  booktitle={Proceedings of Conference on Neural Information Processing Systems},
  pages={14774--14784},
  year={2019}
}

@inproceedings{shokri2015privacy,
  title={Privacy-preserving deep learning},
  author={Shokri, Reza and Shmatikov, Vitaly},
  booktitle={22nd ACM SIGSAC conference on computer and communications security},
  pages={1310--1321},
  year={2015}
}

@article{yang2019federated,
  title={Federated machine learning: Concept and applications},
  author={Yang, Qiang and Liu, Yang and Chen, Tianjian and Tong, Yongxin},
  journal={ACM Transactions on Intelligent Systems and Technology (TIST)},
  volume={10},
  number={2},
  pages={1--19},
  year={2019},
  publisher={ACM New York, NY, USA}
}

@inproceedings{zhu2018knowledge,
  title={Knowledge distillation by on-the-fly native ensemble},
  author={Zhu, Xiatian and Gong, Shaogang and others},
  booktitle={Proceedings of Conference on Neural Information Processing Systems},
  pages={7517--7527},
  year={2018}
}

@inproceedings{passalis2020heterogeneous,
  title={Heterogeneous Knowledge Distillation using Information Flow Modeling},
  author={Passalis, Nikolaos and Tzelepi, Maria and Tefas, Anastasios},
  booktitle={Proceedings of IEEE/CVF Conference on Computer Vision and Pattern Recognition},
  pages={2339--2348},
  year={2020}
}

@inproceedings{selvaraju2017grad,
  title={Grad-cam: Visual explanations from deep networks via gradient-based localization},
  author={Selvaraju, Ramprasaath R and Cogswell, Michael and Das, Abhishek and Vedantam, Ramakrishna and Parikh, Devi and Batra, Dhruv},
  booktitle={Proceedings of IEEE/CVF International Conference on Computer Vision},
  pages={618--626},
  year={2017}
}

@inproceedings{wang2019sharpen,
  title={Sharpen focus: Learning with attention separability and consistency},
  author={Wang, Lezi and Wu, Ziyan and Karanam, Srikrishna and Peng, Kuan-Chuan and Singh, Rajat Vikram and Liu, Bo and Metaxas, Dimitris N},
  booktitle={Proceedings of IEEE/CVF International Conference on Computer Vision},
  pages={512--521},
  year={2019}
}

@inproceedings{liu2020towards,
  title={Towards visually explaining variational autoencoders},
  author={Liu, Wenqian and Li, Runze and Zheng, Meng and Karanam, Srikrishna and Wu, Ziyan and Bhanu, Bir and Radke, Richard J and Camps, Octavia},
  booktitle={Proceedings of IEEE/CVF Conference on Computer Vision and Pattern Recognition},
  pages={8642--8651},
  year={2020}
}

@inproceedings{smith2017federated,
  title={Federated multi-task learning},
  author={Smith, Virginia and Chiang, Chao-Kai and Sanjabi, Maziar and Talwalkar, Ameet S},
  booktitle={Proceedings of Conference on Neural Information Processing Systems},
  pages={4424--4434},
  year={2017}
}

@article{zhou2020distilled,
  title={Distilled One-Shot Federated Learning},
  author={Zhou, Yanlin and Pu, George and Ma, Xiyao and Li, Xiaolin and Wu, Dapeng},
  journal={arXiv preprint arXiv:2009.07999},
  year={2020}
}

@article{shin2020xor,
  title={XOR Mixup: Privacy-Preserving Data Augmentation for One-Shot Federated Learning},
  author={Shin, MyungJae and Hwang, Chihoon and Kim, Joongheon and Park, Jihong and Bennis, Mehdi and Kim, Seong-Lyun},
  journal={arXiv preprint arXiv:2006.05148},
  year={2020}
}

@inproceedings{vongkulbhisal2019unifying,
  title={Unifying heterogeneous classifiers with distillation},
  author={Vongkulbhisal, Jayakorn and Vinayavekhin, Phongtharin and Visentini-Scarzanella, Marco},
  booktitle={Proceedings of IEEE/CVF Conference on Computer Vision and Pattern Recognition},
  pages={3175--3184},
  year={2019}
}

@inproceedings{wang2017chestx,
  title={Chestx-ray8: Hospital-scale chest x-ray database and benchmarks on weakly-supervised classification and localization of common thorax diseases},
  author={Wang, Xiaosong and Peng, Yifan and Lu, Le and Lu, Zhiyong and Bagheri, Mohammadhadi and Summers, Ronald M},
  booktitle={Proceedings of IEEE/CVF Conference on Computer Vision and Pattern Recognition},
  pages={3462--3471},
  year={2017}
}

@misc{ye2020weakly,
    title={Weakly Supervised Lesion Localization With Probabilistic-CAM Pooling},
    author={Wenwu Ye and Jin Yao and Hui Xue and Yi Li},
    year={2020},
    eprint={2005.14480},
    archivePrefix={arXiv},
    primaryClass={cs.CV}
}

@inproceedings{li2018tell,
  title={Tell me where to look: Guided attention inference network},
  author={Li, Kunpeng and Wu, Ziyan and Peng, Kuan-Chuan and Ernst, Jan and Fu, Yun},
  booktitle={Proceedings of IEEE/CVF Conference on Computer Vision and Pattern Recognition},
  pages={9215--9223},
  year={2018}
}

@article{geiping2020inverting,
  title={Inverting Gradients--How easy is it to break privacy in federated learning?},
  author={Geiping, Jonas and Bauermeister, Hartmut and Dr{\"o}ge, Hannah and Moeller, Michael},
  journal={arXiv:2003.14053},
  year={2020}
}

@inproceedings{afonin2021towards,
  title={Towards Model Agnostic Federated Learning Using Knowledge Distillation},
  author={Afonin, Andrei and Karimireddy, Sai Praneeth},
  booktitle={Proceedings of International Conference on Learning Representations},
  year={2021}
}


@article{papernot2016semi,
  title={Semi-supervised knowledge transfer for deep learning from private training data},
  author={Papernot, Nicolas and Abadi, Mart{\'\i}n and Erlingsson, Ulfar and Goodfellow, Ian and Talwar, Kunal},
  journal={arXiv preprint arXiv:1610.05755},
  year={2016}
}

@inproceedings{hamm2016learning,
  title={Learning privately from multiparty data},
  author={Hamm, Jihun and Cao, Yingjun and Belkin, Mikhail},
  booktitle={Proceedings of International Conference on Machine Learning},
  pages={555--563},
  year={2016}
}

@inproceedings{li2019privacy,
  title={Privacy-preserving federated brain tumour segmentation},
  author={Li, Wenqi and Milletar{\`\i}, Fausto and Xu, Daguang and Rieke, Nicola and Hancox, Jonny and Zhu, Wentao and Baust, Maximilian and Cheng, Yan and Ourselin, S{\'e}bastien and Cardoso, M Jorge and others},
  booktitle={Proceedings of International Workshop on Machine Learning in Medical Imaging},
  pages={133--141},
  year={2019},
  organization={Springer}
}

@inproceedings{li2021practical,
  title={Practical one-shot federated learning for cross-silo setting},
  author={Li, Qinbin and He, Bingsheng and Song, Dawn},
  booktitle={Proceedings of International Joint Conference on Artificial Intelligence},
  year={2021}
}


@inproceedings{gong2021ensemble,
  title={Ensemble attention distillation for privacy-preserving federated learning},
  author={Gong, Xuan and Sharma, Abhishek and Karanam, Srikrishna and Wu, Ziyan and Chen, Terrence and Doermann, David and Innanje, Arun},
  booktitle={Proceedings of IEEE/CVF International Conference on Computer Vision},
  pages={15076--15086},
  year={2021}
}


@inproceedings{gong2022preserving,
  title={Preserving Privacy in Federated Learning with Ensemble Cross-Domain Knowledge Distillation},
  author={Gong, Xuan and Sharma, Abhishek and Karanam, Srikrishna and Wu, Ziyan and Chen, Terrence and Doermann, David and Innanje, Arun},
  booktitle={Association for the Advancement of Artificial Intelligence},
  year={2022}
}


@inproceedings{zhang2022fedzkt,
  title={FedZKT: Zero-Shot Knowledge Transfer towards Resource-Constrained Federated Learning with Heterogeneous On-Device Models},
  author={Zhang, Lan and Wu, Dapeng and Yuan, Xiaoyong},
  booktitle={2022 IEEE 42nd International Conference on Distributed Computing Systems},
  pages={928--938},
  year={2022},
  organization={IEEE}
}

@inproceedings{zhang2022fine,
  title={Fine-tuning global model via data-free knowledge distillation for non-iid federated learning},
  author={Zhang, Lin and Shen, Li and Ding, Liang and Tao, Dacheng and Duan, Ling-Yu},
  booktitle={Proceedings of IEEE/CVF Conference on Computer Vision and Pattern Recognition},
  pages={10174--10183},
  year={2022}
}

@inproceedings{zhu2021data,
  title={Data-free knowledge distillation for heterogeneous federated learning},
  author={Zhu, Zhuangdi and Hong, Junyuan and Zhou, Jiayu},
  booktitle={Proceedings of International Conference on Machine Learning},
  pages={12878--12889},
  year={2021},
  organization={PMLR}
}

@article{wang2018dataset,
  title={Dataset distillation},
  author={Wang, Tongzhou and Zhu, Jun-Yan and Torralba, Antonio and Efros, Alexei A},
  journal={arXiv preprint arXiv:1811.10959},
  year={2018}
}

@article{fang2019data,
    title={Data-free adversarial distillation},
    author={Fang, Gongfan and Song, Jie and Shen, Chengchao and Wang, Xinchao and Chen, Da and Song, Mingli},
    journal={arXiv preprint arXiv:1912.11006},
    year={2019}
}

@inproceedings{fang2021mosaicking,
    title={Mosaicking to Distill: Knowledge Distillation from Out-of-Domain Data},
    author={Fang, Gongfan and Bao, Yifan and Song, Jie and Wang, Xinchao and Xie, Donglin and Shen, Chengchao and Song, Mingli},
    booktitle={Proceedings of Conference on Neural Information Processing Systems},
    year={2021}
}

@inproceedings{chen2019data,
  title={Data-free learning of student networks},
  author={Chen, Hanting and Wang, Yunhe and Xu, Chang and Yang, Zhaohui and Liu, Chuanjian and Shi, Boxin and Xu, Chunjing and Xu, Chao and Tian, Qi},
  booktitle={Proceedings of IEEE/CVF International Conference on Computer Vision},
  pages={3514--3522},
  year={2019}
}

@inproceedings{nayak2019zero,
  title={Zero-shot knowledge distillation in deep networks},
  author={Nayak, Gaurav Kumar and Mopuri, Konda Reddy and Shaj, Vaisakh and Radhakrishnan, Venkatesh Babu and Chakraborty, Anirban},
  booktitle={Proceedings of International Conference on Machine Learning},
  pages={4743--4751},
  year={2019},
  organization={PMLR}
}

@inproceedings{yin2020dreaming,
  title={Dreaming to distill: Data-free knowledge transfer via deepinversion},
  author={Yin, Hongxu and Molchanov, Pavlo and Alvarez, Jose M and Li, Zhizhong and Mallya, Arun and Hoiem, Derek and Jha, Niraj K and Kautz, Jan},
  booktitle={Proceedings of IEEE/CVF Conference on Computer Vision and Pattern Recognition},
  pages={8715--8724},
  year={2020}
}


@InProceedings{Guo_2021_CVPR,
    author    = {Guo, Pengfei and Wang, Puyang and Zhou, Jinyuan and Jiang, Shanshan and Patel, Vishal M.},
    title     = {Multi-Institutional Collaborations for Improving Deep Learning-Based Magnetic Resonance Image Reconstruction Using Federated Learning},
    booktitle = {Proceedings of IEEE/CVF Conference on Computer Vision and Pattern Recognition},
    year      = {2021}
}

@article{gong2022federated,
  title={Federated Learning with Privacy-Preserving Ensemble Attention Distillation.},
  author={Gong, Xuan and Song, Liangchen and Vedula, Rishi and Sharma, Abhishek and Zheng, Meng and Planche, Benjamin and Innanje, Arun and Chen, Terrence and Yuan, Junsong and Doermann, David and Ziyan, Wu},
  journal={IEEE Transactions on Medical Imaging},
  year={2022}
}


@article{menze2014multimodal,
  title={The multimodal brain tumor image segmentation benchmark (BRATS)},
  author={Menze, Bjoern H and Jakab, Andras and Bauer, Stefan and Kalpathy-Cramer, Jayashree and Farahani, Keyvan and Kirby, Justin and Burren, Yuliya and Porz, Nicole and Slotboom, Johannes and Wiest, Roland and others},
  journal={IEEE Transactions on Medical Imaging},
  volume={34},
  number={10},
  pages={1993--2024},
  year={2014},
  publisher={IEEE}
}

@article{bakas2018identifying,
  title={Identifying the best machine learning algorithms for brain tumor segmentation, progression assessment, and overall survival prediction in the BRATS challenge},
  author={Bakas, Spyridon and Reyes, Mauricio and Jakab, Andras and Bauer, Stefan and Rempfler, Markus and Crimi, Alessandro and Shinohara, Russell Takeshi and Berger, Christoph and Ha, Sung Min and Rozycki, Martin and others},
  journal={arXiv preprint arXiv:1811.02629},
  year={2018}
}

@inproceedings{chang2020synthetic,
  title={Synthetic learning: Learn from distributed asynchronized discriminator GAN without sharing medical image data},
  author={Chang, Qi and Qu, Hui and Zhang, Yikai and Sabuncu, Mert and Chen, Chao and Zhang, Tong and Metaxas, Dimitris N},
  booktitle={Proceedings of IEEE/CVF Conference on Computer Vision and Pattern Recognition},
  pages={13856--13866},
  year={2020}
}


@article{kumar2017dataset,
  title={A dataset and a technique for generalized nuclear segmentation for computational pathology},
  author={Kumar, Neeraj and Verma, Ruchika and Sharma, Sanuj and Bhargava, Surabhi and Vahadane, Abhishek and Sethi, Amit},
  journal={IEEE Transactions on Medical Imaging},
  volume={36},
  number={7},
  pages={1550--1560},
  year={2017},
  publisher={IEEE}
}

@article{naylor2018segmentation,
  title={Segmentation of nuclei in histopathology images by deep regression of the distance map},
  author={Naylor, Peter and La{\'e}, Marick and Reyal, Fabien and Walter, Thomas},
  journal={IEEE Transactions on Medical Imaging},
  volume={38},
  number={2},
  pages={448--459},
  year={2018},
  publisher={IEEE}
}


@article{goodfellow2020generative,
  title={Generative adversarial networks},
  author={Goodfellow, Ian and Pouget-Abadie, Jean and Mirza, Mehdi and Xu, Bing and Warde-Farley, David and Ozair, Sherjil and Courville, Aaron and Bengio, Yoshua},
  journal={Communications of the ACM},
  volume={63},
  number={11},
  pages={139--144},
  year={2020},
  publisher={ACM New York, NY, USA}
}

@inproceedings{ronneberger2015u,
  title={U-net: Convolutional networks for biomedical image segmentation},
  author={Ronneberger, Olaf and Fischer, Philipp and Brox, Thomas},
  booktitle={Proceedings of International Conference on Medical Image Computing and Computer Assisted Intervention},
  year={2015},
}

@article{vu2019methods,
  title={Methods for segmentation and classification of digital microscopy tissue images},
  author={Vu, Quoc Dang and Graham, Simon and Kurc, Tahsin and To, Minh Nguyen Nhat and Shaban, Muhammad and Qaiser, Talha and Koohbanani, Navid Alemi and Khurram, Syed Ali and Kalpathy-Cramer, Jayashree and Zhao, Tianhao and others},
  journal={Frontiers in bioengineering and biotechnology},
  pages={53},
  year={2019},
  publisher={Frontiers}
}

@inproceedings{chen2016dcan,
  title={DCAN: deep contour-aware networks for accurate gland segmentation},
  author={Chen, Hao and Qi, Xiaojuan and Yu, Lequan and Heng, Pheng-Ann},
  booktitle={Proceedings of IEEE/CVF Conference on Computer Vision and Pattern Recognition},
  pages={2487--2496},
  year={2016}
}

@article{zbontar2018fastMRI,
    title={{fastMRI}: An Open Dataset and Benchmarks for Accelerated {MRI}},
    author={Jure Zbontar and Florian Knoll and Anuroop Sriram and Tullie Murrell and Zhengnan Huang and Matthew J. Muckley and Aaron Defazio and Ruben Stern and Patricia Johnson and Mary Bruno and Marc Parente and Krzysztof J. Geras and Joe Katsnelson and Hersh Chandarana and Zizhao Zhang and Michal Drozdzal and Adriana Romero and Michael Rabbat and Pascal Vincent and Nafissa Yakubova and James Pinkerton and Duo Wang and Erich Owens and C. Lawrence Zitnick and Michael P. Recht and Daniel K. Sodickson and Yvonne W. Lui},
    journal = {ArXiv 1811.08839},
    year={2018}
}

@data{ixi,
url = {\url{https://brain-development.org/}},
author = {Imperial College London },
title = {IXI Dataset. \url{https://brain-development.org/}},
year = {}
}

@data{hdtd-5j88-20,
doi = {10.21227/hdtd-5j88},
url = {https://dx.doi.org/10.21227/hdtd-5j88},
author = {Spyridon (Spyros) Bakas },
publisher = {IEEE Dataport},
title = {Brats MICCAI Brain tumor dataset},
year = {2020} }

@inproceedings{he2016deep,
  title={Deep residual learning for image recognition},
  author={He, Kaiming and Zhang, Xiangyu and Ren, Shaoqing and Sun, Jian},
  booktitle={Proceedings of the IEEE conference on computer vision and pattern recognition},
  pages={770--778},
  year={2016}
}

@inproceedings{isola2017image,
  title={Image-to-image translation with conditional adversarial networks},
  author={Isola, Phillip and Zhu, Jun-Yan and Zhou, Tinghui and Efros, Alexei A},
  booktitle={Proceedings of the IEEE conference on computer vision and pattern recognition},
  pages={1125--1134},
  year={2017}
}

@inproceedings{szegedy2017inception,
  title={Inception-v4, inception-resnet and the impact of residual connections on learning},
  author={Szegedy, Christian and Ioffe, Sergey and Vanhoucke, Vincent and Alemi, Alexander A},
  booktitle={Thirty-first AAAI conference on artificial intelligence},
  year={2017}
}

@inproceedings{deng2009imagenet,
  title={Imagenet: A large-scale hierarchical image database},
  author={Deng, Jia and Dong, Wei and Socher, Richard and Li, Li-Jia and Li, Kai and Fei-Fei, Li},
  booktitle={2009 IEEE conference on computer vision and pattern recognition},
  pages={248--255},
  year={2009},
  organization={Ieee}
}

@inproceedings{shokri2017membership,
  title={Membership inference attacks against machine learning models},
  author={Shokri, Reza and Stronati, Marco and Song, Congzheng and Shmatikov, Vitaly},
  booktitle={2017 IEEE symposium on security and privacy (SP)},
  pages={3--18},
  year={2017},
  organization={IEEE}
}


@misc{Authors14,
 author = {FirstName LastName},
 title = {The frobnicatable foo filter},
 note = {Face and Gesture submission ID 324. Supplied as supplemental material {\tt fg324.pdf}},
 year = 2014
}

@misc{Authors14b,
 author = {FirstName LastName},
 title = {Frobnication tutorial},
 note = {Supplied as supplemental material {\tt tr.pdf}},
 year = 2014
}

@article{Alpher02,
author = {FirstName Alpher},
title = {Frobnication},
journal = PAMI,
volume = 12,
number = 1,
pages = {234--778},
year = 2002
}

@article{Alpher03,
author = {FirstName Alpher and  FirstName Fotheringham-Smythe},
title = {Frobnication revisited},
journal = {Journal of Foo},
volume = 13,
number = 1,
pages = {234--778},
year = 2003
}

@article{Alpher04,
author = {FirstName Alpher and FirstName Fotheringham-Smythe and FirstName Gamow},
title = {Can a machine frobnicate?},
journal = {Journal of Foo},
volume = 14,
number = 1,
pages = {234--778},
year = 2004
}

@inproceedings{Alpher05,
author = {FirstName Alpher and FirstName Gamow},
title = {Can a computer frobnicate?},
booktitle = {Proceedings of IEEE/CVF Conference on Computer Vision and Pattern Recognition},
pages = {234--778},
year = 2005
}

@inproceedings{torkzadehmahani2019dp,
  title={Dp-cgan: Differentially private synthetic data and label generation},
  author={Torkzadehmahani, Reihaneh and Kairouz, Peter and Paten, Benedict},
  booktitle={Proceedings of the IEEE/CVF Conference on Computer Vision and Pattern Recognition Workshops},
  pages={0--0},
  year={2019}
}

@article{chen2020gs,
  title={Gs-wgan: A gradient-sanitized approach for learning differentially private generators},
  author={Chen, Dingfan and Orekondy, Tribhuvanesh and Fritz, Mario},
  journal={Advances in Neural Information Processing Systems},
  volume={33},
  pages={12673--12684},
  year={2020}
}

@article{papernot2018scalable,
  title={Scalable private learning with pate},
  author={Papernot, Nicolas and Song, Shuang and Mironov, Ilya and Raghunathan, Ananth and Talwar, Kunal and Erlingsson, {\'U}lfar},
  journal={arXiv preprint arXiv:1802.08908},
  year={2018}
}

