@INPROCEEDINGS{5695550, 
author={Vogelsang, T.}, 
booktitle={Microarchitecture (MICRO), 2010 43rd Annual IEEE/ACM International Symposium on}, 
title={Understanding the Energy Consumption of Dynamic Random Access Memories}, 
year={2010}, 
pages={363-374}, 
keywords={DRAM chips;low-power electronics;power aware computing;DRAM power reduction schemes;dynamic random access memories;energy consumption;flexible DRAM power model;power usage;DRAM;power}, 
doi={10.1109/MICRO.2010.42}, 
ISSN={1072-4451}, 
month={Dec},}

@ARTICLE{974895, 
author={Hegde, R. and Shanbhag, N.R.}, 
journal={Very Large Scale Integration (VLSI) Systems, IEEE Transactions on}, 
title={Soft digital signal processing}, 
year={2001}, 
volume={9}, 
number={6}, 
pages={813-823}, 
keywords={VLSI;chip scale packaging;computer architecture;computer power supplies;delays;digital signal processing chips;error compensation;filtering theory;integrated circuit noise;interference suppression;power consumption;prediction theory;0.5 dB;0.5 dB degradation;DSP architecture;algorithmic noise-tolerance;bit-error rates;critical path delay;deep submicron noise;degradation;energy dissipation;error control;filter bandwidths;filtering algorithm;frequency selective filter;input-dependent errors;low-energy digital signal processing;soft DSP;subcritical voltage;supply voltage;voltage scaling;Degradation;Delay;Digital signal processing;Error correction;Filters;Frequency;Signal processing algorithms;Signal to noise ratio;Throughput;Voltage}, 
doi={10.1109/92.974895}, 
ISSN={1063-8210}, 
month={Dec},}

@INPROCEEDINGS{5993675, 
author={Gupta, V. and Mohapatra, D. and Sang Phill Park and Raghunathan, A. and Roy, K.}, 
booktitle={Low Power Electronics and Design (ISLPED) 2011 International Symposium on}, 
title={IMPACT: IMPrecise adders for low-power approximate computing}, 
year={2011}, 
pages={409-414}, 
keywords={adders;approximation theory;capacitance;circuit complexity;circuit simulation;digital arithmetic;integrated circuit layout;logic design;low-power electronics;multimedia systems;power aware computing;video coding;IMPACT;approximate arithmetic units;approximate full adder cell;approximate multibit adder design;architectural technique;error mitigation;error-resiliency;image compression;imprecise adders for low-power approximate computing;logic complexity reduction;portable multimedia device;post-layout simulation;signal processing algorithm;switched capacitance;video compression;voltage over-scaling;Adders;Approximation algorithms;Approximation methods;Capacitance;Digital signal processing;Discrete cosine transforms;Transistors;Approximate computing;Low-power;Mirror adder}, 
doi={10.1109/ISLPED.2011.5993675}, 
ISSN={Pending}, 
month={Aug},}

@ARTICLE{5686921, 
author={Ik Joon Chang and Mohapatra, D. and Roy, K.}, 
journal={Circuits and Systems for Video Technology, IEEE Transactions on}, 
title={A Priority-Based 6T/8T Hybrid SRAM Architecture for Aggressive Voltage Scaling in Video Applications}, 
year={2011}, 
volume={21}, 
number={2}, 
pages={101-112}, 
keywords={SRAM chips;brightness;low-power electronics;video equipment;MPEG-4 video processors;SRAM bit-cells;aggressive voltage scaling;human visual system;hybrid memory array;luma bits;luminance pixels;power dissipation;preferential storage policy;priority-based 6T-8T hybrid SRAM architecture;video technology;voltage-scalable hybrid memory architecture;Aggressive voltage scaling in SRAM;hybrid SRAM array;low power SRAM design;process variation resilient SRAM;video memory}, 
doi={10.1109/TCSVT.2011.2105550}, 
ISSN={1051-8215}, 
month={Feb},}


@inproceedings{Liu:2011:FSD:1950365.1950391,
 author = {Liu, Song and Pattabiraman, Karthik and Moscibroda, Thomas and Zorn, Benjamin G.},
 title = {Flikker: Saving DRAM Refresh-power Through Critical Data Partitioning},
 booktitle = {Proceedings of the Sixteenth International Conference on Architectural Support for Programming Languages and Operating Systems},
 series = {ASPLOS XVI},
 year = {2011},
 isbn = {978-1-4503-0266-1},
 location = {Newport Beach, California, USA},
 pages = {213--224},
 numpages = {12},
 url = {http://doi.acm.org/10.1145/1950365.1950391},
 doi = {10.1145/1950365.1950391},
 acmid = {1950391},
 publisher = {ACM},
 address = {New York, NY, USA},
 keywords = {allocation, critical data, dram refresh, power-savings, soft errors},
}

@inproceedings{Venkataramani:2015:ACQ:2744769.2751163,
 author = {Venkataramani, Swagath and Chakradhar, Srimat T. and Roy, Kaushik and Raghunathan, Anand},
 title = {Approximate Computing and the Quest for Computing Efficiency},
 booktitle = {Proceedings of the 52Nd Annual Design Automation Conference},
 series = {DAC '15},
 year = {2015},
 isbn = {978-1-4503-3520-1},
 location = {San Francisco, California},
 pages = {120:1--120:6},
 articleno = {120},
 numpages = {6},
 url = {http://doi.acm.org/10.1145/2744769.2751163},
 doi = {10.1145/2744769.2751163},
 acmid = {2751163},
 publisher = {ACM},
 address = {New York, NY, USA},
}

@inproceedings{Misailovic:2014:CRA:2660193.2660231,
 author = {Misailovic, Sasa and Carbin, Michael and Achour, Sara and Qi, Zichao and Rinard, Martin C.},
 title = {Chisel: Reliability- and Accuracy-aware Optimization of Approximate Computational Kernels},
 booktitle = {Proceedings of the 2014 ACM International Conference on Object Oriented Programming Systems Languages \& Applications},
 series = {OOPSLA '14},
 year = {2014},
 isbn = {978-1-4503-2585-1},
 location = {Portland, Oregon, USA},
 pages = {309--328},
 numpages = {20},
 url = {http://doi.acm.org/10.1145/2660193.2660231},
 doi = {10.1145/2660193.2660231},
 acmid = {2660231},
 publisher = {ACM},
 address = {New York, NY, USA},
 keywords = {approximate computing},
}

@INPROCEEDINGS{7266869, 
author={Meza, J. and Qiang Wu and Kumar, S. and Mutlu, O.}, 
booktitle={Dependable Systems and Networks (DSN), 2015 45th Annual IEEE/IFIP International Conference on}, 
title={Revisiting Memory Errors in Large-Scale Production Data Centers: Analysis and Modeling of New Trends from the Field}, 
year={2015}, 
pages={415-426}, 
keywords={DRAM chips;Pareto distribution;error correction codes;DIMM;DRAM devices;ECC mechanisms;Facebook;Pareto distribution;dynamic random-access memory;error correcting codes;large-scale production data centers;memory errors;memory reliability;modern DDR3 communication protocol;nonDRAM memory failures;Error analysis;Market research;Memory management;Random access memory;Reliability;Servers;Sockets;DRAM;main memory;reliability;warehouse-scale computing}, 
doi={10.1109/DSN.2015.57}, 
month={June},}

@inproceedings{Luo:2014:CAM:2671853.2672438,
 author = {Luo, Yixin and Govindan, Sriram and Sharma, Bikash and Santaniello, Mark and Meza, Justin and Kansal, Aman and Liu, Jie and Khessib, Badriddine and Vaid, Kushagra and Mutlu, Onur},
 title = {Characterizing Application Memory Error Vulnerability to Optimize Datacenter Cost via Heterogeneous-Reliability Memory},
 booktitle = {Proceedings of the 2014 44th Annual IEEE/IFIP International Conference on Dependable Systems and Networks},
 series = {DSN '14},
 year = {2014},
 isbn = {978-1-4799-2233-8},
 pages = {467--478},
 numpages = {12},
 url = {http://dx.doi.org/10.1109/DSN.2014.50},
 doi = {10.1109/DSN.2014.50},
 acmid = {2672438},
 publisher = {IEEE Computer Society},
 address = {Washington, DC, USA},
 keywords = {memory errors, software reliability, memory architectures, soft errors, hard errors, datacenter cost, DRAM},
} 

@INPROCEEDINGS{6517720, 
author={White, M. and MacNeal, K. and Cooper, M.}, 
booktitle={Reliability and Maintainability Symposium (RAMS), 2013 Proceedings - Annual}, 
title={Reliability considerations of ULP scaled CMOS in spacecraft systems}, 
year={2013}, 
pages={1-6}, 
keywords={CMOS integrated circuits;power consumption;semiconductor device reliability;space vehicle electronics;ULP scaled CMOS;advanced microelectronic products;aerospace community;deep submicron region;reliability consideration;risk tolerance;single chip;spacecraft systems;ultra-low power microelectronics;CMOS integrated circuits;Circuit faults;Microelectronics;Power demand;Random access memory;Reliability;Space vehicles;Reliability;scaled CMOS;spacecraft systems;ultra-low power}, 
doi={10.1109/RAMS.2013.6517720}, 
ISSN={0149-144X}, 
month={Jan},}