
% Journal article with single author
@article{article-forbus,
author = {Forbus, K. D.},
title = {Qualitative process theory},
year = {1984},
journal = {Artificial Intelligence},
volume = {24},
pages = {85-168}
}

@inproceedings{della2009upmurphi,
  title={UPMurphi: a tool for universal planning on PDDL+ problems},
  author={Della Penna, Giuseppe and Magazzeni, Daniele and Mercorio, Fabio and Intrigila, Benedetto},
  booktitle={International Conference on Automated Planning and Scheduling},
  year={2009}
}

@inproceedings{klenk2017collaborative,
  title={Collaborative Autonomy through Analogical Comic Graphs},
  author={Klenk, Matthew Evans and Mohan, Shiwali and De Kleer, Johan and Bobrow, Daniel G and Hinrichs, Tom and Forbus, Ken},
  booktitle={Workshops at the Thirty-First AAAI Conference on Artificial Intelligence},
  year={2017}
}

@article{rostami2020using,
  title={Using task descriptions in lifelong machine learning for improved performance and zero-shot transfer},
  author={Rostami, Mohammad and Isele, David and Eaton, Eric},
  journal={Journal of Artificial Intelligence Research},
  volume={67},
  pages={673--704},
  year={2020}
}


% Journal article with multiple authors
@article{article-jones-vanlehn,
author = {Jones, R. M. and VanLehn, K.},
title = {Acquisition of children's addition strategies: A Model Of impasse-free, knowledge-level learning},
year = {1994},
journal = {Machine Learning},
volume = {16},
pages = {11-36}
}

% Book with two authors
@book{book-newell-simon,
author = {Newell, A. and Simon, H. A.},
year = {1972},
title = {Human problem Solving},
address = {Englewood Cliffs, NJ},
publisher = {Prentice-Hall}
}

% Edited book with multiple editors
@book{book-shrager-langley,
year = {1990},
editor = {J. Shrager and Pat Langley},
title = {Computational models of scientific discovery and theory formation},
address = {San Mateo, CA},
publisher = {Morgan Kaufmann}
}

% Chapter in edited book with single author and single editor
@incollection{in-book-vanlehn,
author = {K. VanLehn},
year = {1989},
title = {Problem solving and cognitive Skill acquisition},
editor = {M. I. Posner},
booktitle = {Foundations of cognitive Science},
address = {Cambridge, MA},
pages = {527-579},
publisher = {MIT Press}
}

% Doctoral dissertation
@phdthesis{phd-choi,
author = {Dongkyu Choi},
title = {Coordinated Execution and Goal management in a reactive cognitive architecture},
school = {Department of Aeronautics and Astronautics, Stanford University},
year = {2010},
address = {Stanford, CA}
}

% Unpublished technical report with multiple authors 
@techreport{techreport-shapiro-etal,
author = {Shapiro, D. and Billman, D. and Marker, M. and Langley, P.},
year = {2004},
title = {A human-centered Approach to monitoring complex dynamic systems},
institution = {Institute for the Study of Learning and Expertise},
address = {Palo Alto, CA}
}

% Paper in conference proceedings with multiple authors
@inproceedings{paper-laird-etal,
author = {Laird, J. E. and Rosenbloom, P. S. and Newell, A.},
year = {1984},
title = {Towards Chunking as a general learning Mechanism},
booktitle = {Proceedings of the Fourth National Conference on Artificial Intelligence},
pages = {188--192},
address = {Austin, TX},
publisher = {Morgan Kaufmann}
}


@article{witty2018measuring,
  title={Measuring and characterizing generalization in deep reinforcement learning},
  author={Witty, Sam and Lee, Jun Ki and Tosch, Emma and Atrey, Akanksha and Littman, Michael and Jensen, David},
  journal={arXiv preprint arXiv:1812.02868},
  year={2018}
}

@article{fox2006modelling,
  title={Modelling mixed discrete-continuous domains for planning},
  author={Fox, Maria and Long, Derek},
  journal={Journal of Artificial Intelligence Research},
  volume={27},
  pages={235--297},
  year={2006}
}

@inproceedings{mcdermott2003reasoning,
  title={Reasoning about Autonomous Processes in an Estimated-Regression Planner.},
  author={McDermott, Drew V},
  booktitle={{International Conference on Automated Planning and Scheduling}},
  year={2003}
}

@article{langley2020open,
  title={{Open-World Learning for Radically Autonomous Agents}},
  author={Langley, Pat},
  journal={{AAAI}},
  year={2020}
}


@inproceedings{molineaux2012discoverhistory,
  title={DiscoverHistory: Understanding the past in planning and execution},
  author={Molineaux, Matthew and Kuter, Ugur and Klenk, Matthew},
  booktitle={Proceedings of the 11th International Conference on Autonomous Agents and Multiagent Systems-Volume 2},
  pages={989--996},
  year={2012}
}



@inproceedings{paisner2014goal,
  title={Goal-driven autonomy for cognitive systems},
  author={Paisner, Matthew and Cox, Michael and Maynord, Michael and Perlis, Don},
  booktitle={Annual Meeting of the Cognitive Science Society},
  volume={36},
  number={36},
  year={2014}
}

@article{alur95algorithmic,
  AUTHOR =       "R. Alur and C. Courcoubetis and N. Halbwachs and T.A. Henzinger and P.H. Ho and
                  X. Nicolin and A. Olivero and J. Sifakis and S. Yovine",
  TITLE =        "{The Algorithmic Analysis of Hybrid Systems}",
  JOURNAL =      "Theoretical Computer Science",
  YEAR =         "1995",
  volume =       "138",
  pages =        "3--34"	
}

@inproceedings{fox2005validating,
  title={{Validating Plans in the Context of Processes and Exogenous Events}},
  author={Fox, Maria and Howey, Richard and Long, Derek},
  booktitle={AAAI},
  volume={5},
  pages={1151--1156},
  year={2005}
}

@article{batteryjair,
  author    = {Maria Fox and
               Derek Long and
               Daniele Magazzeni},
  title     = {{Plan-based Policies for Efficient Multiple Battery Load Management}},
  journal   = {J. Artif. Intell. Res. {(JAIR)}},
  volume    = {44},
  pages     = {335--382},
  year      = {2012}
}

@inproceedings{lpg,
  author    = {Derek Long and
               Maria Fox},
  title     = {Exploiting a Graphplan Framework in Temporal Planning},
  booktitle = {Proceedings of the Thirteenth International Conference on Automated
               Planning and Scheduling {(ICAPS} 2003), June 9-13, 2003, Trento, Italy},
  pages     = {52--61},
  year      = {2003}
  }


@article{mcdermott1998pddl,
  title={{PDDL - The Planning Domain Definition Language}},
  author={McDermott, Drew and Ghallab, Malik and Howe, Adele and Knoblock, Craig and Ram, Ashwin and Veloso, Manuela and Weld, Daniel and Wilkins, David},
  year={1998}
}


@article{fox2003pddl2,
  title={{PDDL2.1: An Extension to PDDL for Expressing Temporal Planning Domains}},
  author={Fox, Maria and Long, Derek},
  journal={Journal of Artificial Intelligence Research},
  volume={20},
  pages={61--124},
  year={2003}
}

@article{nebel2001ff,
  title={{The FF Planning System: Fast Plan Generation Through Heuristic Search}},
  author={Hoffmann, J{\"o}rg and Nebel, Bernhard},
  journal={Journal of Artificial Intelligence Research},
  volume={14},
  pages={253--302},
  year={2001}
}

@article{edelkamp2004pddl2,
  title={PDDL2. 2: The language for the classical part of the 4th international planning competition},
  author={Edelkamp, Stefan and Hoffmann, J{\"o}rg},
  journal={4th International Planning Competition (IPC’04), at ICAPS’04},
  year={2004}
}

@article{hoffmann2003metric,
  title={{The Metric-FF Planning System: Translating``Ignoring Delete Lists''to Numeric State Variables}},
  author={Hoffmann, J{\"o}rg},
  journal={Journal of Artificial Intelligence Research},
  volume={20},
  pages={291--341},
  year={2003}
}

@inproceedings{hoffmann2002extending,
  title={{Extending FF to Numerical State Variables}},
  author={Hoffmann, J{\"o}rg},
  booktitle={ECAI},
  pages={571--575},
  year={2002},
  organization={Citeseer}
}

@article{koenig2005fast,
  title={{Fast Replanning for Navigation in Unknown Terrain}},
  author={Koenig, Sven and Likhachev, Maxim},
  journal={Robotics, IEEE Transactions on},
  volume={21},
  number={3},
  pages={354--363},
  year={2005},
  publisher={IEEE}
}

@article{della2010resource,
  title={{Resource-optimal Planning for an Autonomous Planetary Vehicle}},
  author={Della Penna, Giuseppe and Intrigila, Benedetto and Magazzeni, Daniele and Mercorio, Fabio},
  journal={arXiv preprint arXiv:1007.5130},
  year={2010}
}


@inproceedings{della2010planning,
  title={{Planning for Autonomous Planetary Vehicles}},
  author={Della Penna, Giuseppe and Intrigila, Benedetto and Magazzeni, Daniele and Mercorio, Fabio},
  booktitle={Autonomic and Autonomous Systems (ICAS), 2010 Sixth International Conference on},
  pages={131--136},
  year={2010},
  organization={IEEE}
}

@inproceedings{zeno,
  author    = {J. Scott Penberthy and
               Daniel S. Weld},
  title     = {{Temporal Planning with Continuous Change}},
  booktitle = {AAAI},
  year      = {1994},
  pages     = {1010--1015}
}

@article{coles-et-al:jair-2012,
  author    = {Amanda Jane Coles and
               Andrew Coles and
               Maria Fox and
               Derek Long},
  title     = {{{COLIN}: Planning with Continuous Linear Numeric Change}},
  journal   = {Journal of Artificial Intelligence Research (JAIR)},
  volume    = {44},
  year      = {2012},
  pages     = {1--96}
}


@article{TM-LPSAT,
  author    = {Ji-Ae Shin and
               Ernest Davis},
  title     = {{Processes and Continuous Change in a SAT-based Planner}},
  journal   = {Artif. Intell.},
  volume    = {166},
  number    = {1-2},
  year      = {2005},
  pages     = {194--253},
  ee        = {http://dx.doi.org/10.1016/j.artint.2005.04.001},
  bibsource = {DBLP, http://dblp.uni-trier.de}
}

@article{appint,
  author    = {Giuseppe {Della Penna} and
               Daniele Magazzeni and
               Fabio Mercorio},
  title     = {{A Universal Planning System for Hybrid Domains}},
  journal   = {Appl. Intell.},
  volume    = {36},
  number    = {4},
  year      = {2012},
  pages     = {932--959}
}

@inproceedings{pappas,
  author    = {Paulo Tabuada and
               George J. Pappas and
               Pedro U. Lima},
  title     = {Composing Abstractions of Hybrid Systems},
  booktitle = {Hybrid Systems: Computation and Control, 5th International Workshop,
               {HSCC} 2002, Stanford, CA, USA, March 25-27, 2002, Proceedings},
  pages     = {436--450},
  year      = {2002}
}

@inproceedings{maly,
  author    = {Matthew R. Maly and
               Morteza Lahijanian and
               Lydia E. Kavraki and
               Hadas Kress{-}Gazit and
               Moshe Y. Vardi},
  title     = {Iterative temporal motion planning for hybrid systems in partially
               unknown environments},
  booktitle = {Proceedings of the 16th international conference on Hybrid systems:
               computation and control, {HSCC} 2013, April 8-11, 2013, Philadelphia,
               PA, {USA}},
  pages     = {353--362},
  year      = {2013}
}

@inproceedings{rrt,
  author    = {Sertac Karaman and
               Matthew R. Walter and
               Alejandro Perez and
               Emilio Frazzoli and
               Seth J. Teller},
  title     = {Anytime Motion Planning using the {RRT}},
  booktitle = {{IEEE} International Conference on Robotics and Automation, {ICRA}
               2011, Shanghai, China, 9-13 May 2011},
  pages     = {1478--1483},
  year      = {2011}
}

@inproceedings{sampl,
  author    = {Morteza Lahijanian and
               Lydia E. Kavraki and
               Moshe Y. Vardi},
  title     = {A sampling-based strategy planner for nondeterministic hybrid systems},
  booktitle = {2014 {IEEE} International Conference on Robotics and Automation, {ICRA}
               2014, Hong Kong, China, May 31 - June 7, 2014},
  pages     = {3005--3012},
  year      = {2014}
}

@article{falsif,
  author    = {Erion Plaku and
               Lydia E. Kavraki and
               Moshe Y. Vardi},
  title     = {Falsification of {LTL} safety properties in hybrid systems},
  journal   = {{STTT}},
  volume    = {15},
  number    = {4},
  pages     = {305--320},
  year      = {2013}
}

@inproceedings{bogomolov15,
  author    = {Sergiy Bogomolov and
               Daniele Magazzeni and
               Stefano Minopoli and
               Martin Wehrle},
  title     = {{PDDL+} Planning with Hybrid Automata: Foundations of Translating
               Must Behavior},
  booktitle = {International Conference on Automated Planning and Scheduling},
  pages     = {42--46},
  year      = {2015}
}

@inproceedings{della-penna-et-al:icaps-2009,
  author    = {Giuseppe {Della Penna} and Daniele Magazzeni and Fabio Mercorio and Benedetto Intrigila},
  title     = {{{UPM}urphi: A Tool for Universal Planning on {PDDL}+ Problems}},
  booktitle = {Proceedings of the 19th International Conference on Automated
               Planning and Scheduling (ICAPS 2009)},
  publisher = {AAAI},
  year      = {2009},
}

@inproceedings{bogomolov-et-al:aaai-2014,
  author    = {Sergiy Bogomolov and Daniele Magazzeni and Andreas
                  Podelski and Martin Wehrle},
  title     = {{Planning as Model Checking in Hybrid Domains}},
  booktitle = {AAAI}, 
  year      = {2014}
}

@inproceedings{brycegao,
  author    = {Daniel Bryce and
               Sicun Gao and
               David J. Musliner and
               Robert P. Goldman},
  title     = {{SMT-Based Nonlinear {PDDL+} Planning}},
  booktitle = {AAAI},
  pages     = {3247--3253},
  year      = {2015}
}

@article{richter2010lama,
  title={{The LAMA Planner: Guiding Cost-Based Anytime Planning with Landmarks}},
  author={Richter, Silvia and Westphal, Matthias},
  journal={Journal of Artificial Intelligence Research},
  volume={39},
  number={1},
  pages={127--177},
  year={2010}
}

@inproceedings{kongming,
  author    = {Hui X. Li and
               Brian C. Williams},
  title     = {{Generative Planning for Hybrid Systems Based on Flow Tubes}},
  booktitle = {ICAPS},
  year      = {2008},
  pages     = {206--213}
 }

@inproceedings{optop,
  author    = {Drew V. McDermott},
  title     = {{Reasoning about Autonomous Processes in an Estimated-Regression
               Planner}},
  booktitle = {ICAPS},
  year      = {2003},
  pages     = {143--152}
}

@article{koenig2004incremental,
  title={{Incremental Heuristic Search in AI}},
  author={Koenig, Sven and Likhachev, Maxim and Liu, Yaxin and Furcy, David},
  journal={AI Magazine},
  volume={25},
  number={2},
  pages={99},
  year={2004}
}

@article{koenig2004lifelong,
  title={{Lifelong Planning A*}},
  author={Koenig, Sven and Likhachev, Maxim and Furcy, David},
  journal={Artificial Intelligence},
  volume={155},
  number={1},
  pages={93--146},
  year={2004},
  publisher={Elsevier}
}

@inproceedings{policella2013planning,
  title={{Planning Spacecraft Activities: An Automated Approach}},
  author={Policella, Nicola and Oliveira, Henrique and Benzi, Edoardo},
  booktitle={ICAPS},
  year={2013}
}

@inproceedings{fukunaga1997aspen,
  title={{ASPEN: A Framework for Automated Planning and Scheduling of Spacecraft Control and Operations}},
  author={Fukunaga, A and Rabideau, Gregg and Chien, Steve and Yan, David},
  booktitle={Proc. International Symposium on AI, Robotics and Automation in Space},
  year={1997}
}

@inproceedings{aldinger2013planning,
  title={{Planning for Agile Earth Observation Satellites}},
  author={Aldinger, Johannes and L{\"o}hr, Johannes and others},
  booktitle={Proceedings of the ICAPS-2013 Workshop on Planning in Continuous Domains (PCD 13)},
  year={2013},
  organization={Citeseer}
}

@inproceedings{lohr2013domain,
  title={{Domain Predictive Control Under Uncertain Numerical State Information}},
  author={L{\"o}hr, Johannes and Eyerich, Patrick and Winkler, Stefan and Nebel, Bernhard},
  booktitle={ICAPS},
  year={2013}
}

@inproceedings{lohr2012planning,
  title={{A Planning Based Framework for Controlling Hybrid Systems}},
  author={L{\"o}hr, Johannes and Eyerich, Patrick and Keller, Thomas and Nebel, Bernhard},
  booktitle={ICAPS},
  year={2012}
}

@inproceedings{coles2008planning,
  title={{Planning with Problems Requiring Temporal Coordination}},
  author={Coles, Andrew and Fox, Maria and Long, Derek and Smith, Amanda},
  booktitle={AAAI},
  pages={892--897},
  year={2008}
}


@inproceedings{howey2004val,
  title={{VAL: Automatic Plan Validation, Continuous Effects and Mixed Initiative Planning Using PDDL}},
  author={Howey, Richard and Long, Derek and Fox, Maria},
  booktitle={Tools with Artificial Intelligence, 2004. ICTAI 2004. 16th IEEE International Conference on},
  pages={294--301},
  year={2004},
  organization={IEEE}
}

@inproceedings{coles2010forward,
  title={{Forward-Chaining Partial-Order Planning}},
  author={Coles, Amanda Jane and Coles, Andrew and Fox, Maria and Long, Derek},
  booktitle={ICAPS},
  pages={42--49},
  year={2010}
}

@article{coles2013pddl+,
  title={{PDDL+ Planning with Events and Linear Processes}},
  author={Coles, Amanda and Coles, Andrew},
  journal={PCD 2013},
  pages={35},
  year={2013}
}


@inproceedings{li2008generative,
  title={{Generative Planning for Hybrid Systems Based on Flow Tubes}},
  author={Li, Hui X and Williams, Brian C},
  booktitle={ICAPS},
  pages={206--213},
  year={2008}
}


@article{shin2005processes,
  title={{Processes and Continuous Change in a SAT-based Planner}},
  author={Shin, Ji-Ae and Davis, Ernest},
  journal={Artificial Intelligence},
  volume={166},
  number={1},
  pages={194--253},
  year={2005},
  publisher={Elsevier}
}


@inproceedings{frehse2011spaceex,
  title={{SpaceEx: Scalable Verification of Hybrid Systems}},
  author={Frehse, Goran and Le Guernic, Colas and Donz{\'e}, Alexandre and Cotton, Scott and Ray, Rajarshi and Lebeltel, Olivier and Ripado, Rodolfo and Girard, Antoine and Dang, Thao and Maler, Oded},
  booktitle={Computer Aided Verification},
  pages={379--395},
  year={2011},
  organization={Springer}
}


@online{cmurphi,
  title = {{Cached Murphi Web Page}},
  year = 2006,
  url = {http://www.di.univaq.it/gdellape/murphi/cmurphi.php}
}

@article{hart1968formal,
  title={{A Formal Basis for the Heuristic Determination of Minimum Cost Paths}},
  author={Hart, Peter E and Nilsson, Nils J and Raphael, Bertram},
  journal={Systems Science and Cybernetics, IEEE Transactions on},
  volume={4},
  number={2},
  pages={100--107},
  year={1968},
  publisher={IEEE}
}

@incollection{cimatti1997planning,
  title={Planning via model checking: A decision procedure for AR},
  author={Cimatti, Alessandro and Giunchiglia, Enrico and Giunchiglia, Fausto and Traverso, Paolo},
  booktitle={Recent Advances in AI planning},
  pages={130--142},
  year={1997},
  publisher={Springer}
}

@book{turner2008rocket,
  title={Rocket and spacecraft propulsion: principles, practice and new developments},
  author={Turner, Martin JL},
  year={2008},
  publisher={Springer Science \& Business Media}
}

@article{long20033rd,
  title={The 3rd international planning competition: Results and analysis},
  author={Long, Derek and Fox, Maria},
  journal={JAIR},
  volume={20},
  pages={1--59},
  year={2003}
}


@inproceedings{bonanno2016selecting,
  title={{Selecting Subgoals using Deep Learning in Minecraft: A Preliminary Report}},
  author={Bonanno, David and Roberts, Mark and Smith, Leslie and Aha, David W},
  booktitle={IJCAI Workshop on Deep Learning for Artificial Intelligence},
  year={2016}
}

@inproceedings{aluru2015minecraft,
  title={{Minecraft as an Experimental World for AI in Robotics}},
  author={Aluru, Krishna and Tellex, Stefanie and Oberlin, John and MacGlashan, James},
  booktitle={AAAI Fall Symposium},
  year={2015}
}

@article{tessler2016deep,
  title={{A Deep Hierarchical Approach to Lifelong Learning in Minecraft}},
  author={Tessler, Chen and Givony, Shahar and Zahavy, Tom and Mankowitz, Daniel J and Mannor, Shie},
  journal={arXiv preprint arXiv:1604.07255},
  year={2016}
}

@article{jorge2009planning,
  title={Planning with preferences},
  author={Baier, Jorge A and McIlraith, Sheila A},
  journal={AI Magazine},
  volume={29},
  number={4},
  pages={25},
  year={2009}
}

@article{usunier2016episodic,
  title={{Episodic Exploration for Deep Deterministic Policies: An Application to StarCraft Micromanagement Tasks}},
  author={Usunier, Nicolas and Synnaeve, Gabriel and Lin, Zeming and Chintala, Soumith},
  journal={arXiv preprint arXiv:1609.02993},
  year={2016}
}

@inproceedings{vinyals2012krylov,
  title={{Krylov Subspace Descent for Deep Learning.}},
  author={Vinyals, Oriol and Povey, Daniel},
  booktitle={AISTATS},
  pages={1261--1268},
  year={2012}
}

@inproceedings{abel2015goal,
  title={Goal-Based Action Priors.},
  author={Abel, David and Hershkowitz, David Ellis and Barth-Maron, Gabriel and Brawner, Stephen and O'Farrell, Kevin and MacGlashan, James and Tellex, Stefanie},
  booktitle={ICAPS},
  pages={306--314},
  year={2015}
}

@article{mnih2015human,
  title={Human-level control through deep reinforcement learning},
  author={Mnih, Volodymyr and Kavukcuoglu, Koray and Silver, David and Rusu, Andrei A and Veness, Joel and Bellemare, Marc G and Graves, Alex and Riedmiller, Martin and Fidjeland, Andreas K and Ostrovski, Georg},
  journal={Nature},
  volume={518},
  number={7540},
  pages={529--533},
  year={2015},
  publisher={Nature Publishing Group}
}

@techreport{molineaux2010goal,
  title={Goal-driven autonomy in a Navy strategy simulation},
  author={Molineaux, Matt and Klenk, Matthew and Aha, David W},
  year={2010},
  institution={DTIC Document}
}

@INPROCEEDINGS{piotrowski2016heuristic,
  title={{Heuristic Planning for {PDDL}+ Domains}},
  author={Wiktor Piotrowski and Maria Fox and Derek Long and Daniele Magazzeni and Fabio Mercorio},
  booktitle={IJCAI},
  year={2016},
  pages = {3213--3219},
}

@inproceedings{cashmore2016compilation,
  title={{A Compilation of the Full PDDL+ Language into SMT}},
  author={Cashmore, Michael and Fox, Maria and Long, Derek and Magazzeni, Daniele},
  booktitle={ICAPS},
  pages={583--591},
  year={2016}
}

@inproceedings{fernandez2015mixed,
  author    = {Enrique Fern{\'{a}}ndez{-}Gonz{\'{a}}lez and
               Erez Karpas and
               Brian C. Williams},
  title     = {Mixed Discrete-Continuous Heuristic Generative Planning Based on Flow
               Tubes},
  booktitle = {Proceedings of the Twenty-Fourth International Joint Conference on
               Artificial Intelligence, {IJCAI} 2015, Buenos Aires, Argentina, July
               25-31, 2015},
  pages     = {1565--1572},
  year      = {2015}
}


@inproceedings{fox2005validating,
  title={{Validating Plans in the Context of Processes and Exogenous Events}},
  author={Fox, Maria and Howey, Richard and Long, Derek},
  booktitle={AAAI},
  volume={5},
  pages={1151--1156},
  year={2005}
}

@inproceedings{howey2003val,
  title={{VAL’s Progress: The Automatic Validation Tool for PDDL2. 1 Used in the International Planning Competition}},
  author={Howey, Richard and Long, Derek},
  booktitle={Proc. of ICAPS Workshop on the IPC},
  year={2003}
}

@article{batteryjair,
  author    = {Maria Fox and
               Derek Long and
               Daniele Magazzeni},
  title     = {{Plan-based Policies for Efficient Multiple Battery Load Management}},
  journal   = {J. Artif. Intell. Res. {(JAIR)}},
  volume    = {44},
  pages     = {335--382},
  year      = {2012}
}

@inproceedings{lpg,
  author    = {Derek Long and
               Maria Fox},
  title     = {{Exploiting a Graphplan Framework in Temporal Planning}},
  booktitle = {ICAPS},
  pages     = {52--61},
  year      = {2003}
  }


@article{nebel2001ff,
  title={{The FF Planning System: Fast Plan Generation Through Heuristic Search}},
  author={Hoffmann, J{\"o}rg and Nebel, Bernhard},
  journal={Journal of Artificial Intelligence Research},
  volume={14},
  pages={253--302},
  year={2001}
}

@article{hoffmann2003metric,
  title={{The Metric-FF Planning System: Translating``Ignoring Delete Lists''to Numeric State Variables}},
  author={Hoffmann, J{\"o}rg},
  journal={Journal of Artificial Intelligence Research},
  volume={20},
  pages={291--341},
  year={2003}
}

@inproceedings{hoffmann2002extending,
  title={{Extending FF to Numerical State Variables}},
  author={Hoffmann, J{\"o}rg},
  booktitle={ECAI},
  pages={571--575},
  year={2002},
}

@article{della2010resource,
  title={{Resource-optimal Planning for an Autonomous Planetary Vehicle}},
  author={Della Penna, Giuseppe and Intrigila, Benedetto and Magazzeni, Daniele and Mercorio, Fabio},
  journal={arXiv preprint arXiv:1007.5130},
  year={2010}
}


@inproceedings{della2010planning,
  title={{Planning for Autonomous Planetary Vehicles}},
  author={Della Penna, Giuseppe and Intrigila, Benedetto and Magazzeni, Daniele and Mercorio, Fabio},
  booktitle={ICAS},
  pages={131--136},
  year={2010},
  organization={IEEE}
}

@article{coles-et-al:jair-2012,
  author    = {Amanda Jane Coles and
               Andrew Coles and
               Maria Fox and
               Derek Long},
  title     = {{{COLIN}: Planning with Continuous Linear Numeric Change}},
  journal   = {Journal of Artificial Intelligence Research (JAIR)},
  volume    = {44},
  year      = {2012},
  pages     = {1--96}
}


@article{TM-LPSAT,
  author    = {Ji-Ae Shin and
               Ernest Davis},
  title     = {{Processes and Continuous Change in a SAT-based Planner}},
  journal   = {Artif. Intell.},
  volume    = {166},
  number    = {1-2},
  year      = {2005},
  pages     = {194--253},
  ee        = {http://dx.doi.org/10.1016/j.artint.2005.04.001},
  bibsource = {DBLP, http://dblp.uni-trier.de}
}

@article{appint,
  author    = {Giuseppe {Della Penna} and
               Daniele Magazzeni and
               Fabio Mercorio},
  title     = {{A Universal Planning System for Hybrid Domains}},
  journal   = {Appl. Intell.},
  volume    = {36},
  number    = {4},
  year      = {2012},
  pages     = {932--959}
}


@inproceedings{bogomolov15,
  author    = {Sergiy Bogomolov and
               Daniele Magazzeni and
               Stefano Minopoli and
               Martin Wehrle},
  title     = {{{PDDL+} Planning with Hybrid Automata: Foundations of Translating
               Must Behavior}},
  booktitle = {{ICAPS}},
  pages     = {42--46},
  year      = {2015}
}

@inproceedings{della-penna-et-al:icaps-2009,
  author    = {Giuseppe {Della Penna} and Daniele Magazzeni and Fabio Mercorio and Benedetto Intrigila},
  title     = {{{UPM}urphi: A Tool for Universal Planning on {PDDL}+ Problems}},
  booktitle = {{ICAPS}},
  publisher = {AAAI},
  year      = {2009},
  pages = {106--113}
}

@inproceedings{vallati-et-al:aaai-2016,
  author    = {Vallati, M. and Magazzeni, D. and Schutter, B. D. and Chrpa, L. and Mccluskey, T. L.},
  title     = {{Efficient Macroscopic Urban Traffic Models for Reducing Congestion: A PDDL+ Planning Approach}},
  booktitle = {Proceedings of the Thirtieth Conference on
                  Artificial Intelligence (AAAI-16)}, 
  year      = {2016},
  publisher = {AAAI Press}
}



@inproceedings{bogomolov-et-al:aaai-2014,
  author    = {Sergiy Bogomolov and Daniele Magazzeni and Andreas
                  Podelski and Martin Wehrle},
  title     = {{Planning as Model Checking in Hybrid Domains}},
  booktitle = {AAAI}, 
  year      = {2014},
}

@inproceedings{brycegao,
  author    = {Daniel Bryce and
               Sicun Gao and
               David J. Musliner and
               Robert P. Goldman},
  title     = {{SMT-Based Nonlinear {PDDL+} Planning}},
  booktitle = {{AAAI}},
  pages     = {3247--3253},
  year      = {2015}
}


@inproceedings{coles2008planning,
  title={{Planning with Problems Requiring Temporal Coordination}},
  author={Coles, Andrew and Fox, Maria and Long, Derek and Smith, Amanda},
  booktitle={AAAI},
  pages={892--897},
  year={2008}
}


@inproceedings{howey2004val,
  title={{VAL: Automatic Plan Validation, Continuous Effects and Mixed Initiative Planning Using PDDL}},
  author={Howey, Richard and Long, Derek and Fox, Maria},
  booktitle={{ICTAI 2004}},
  pages={294--301},
  year={2004},
  organization={IEEE}
}

@inproceedings{coles2010forward,
  title={{Forward-Chaining Partial-Order Planning}},
  author={Coles, Amanda Jane and Coles, Andrew and Fox, Maria and Long, Derek},
  booktitle={ICAPS},
  pages={42--49},
  year={2010}
}

@inproceedings{coles2014pddl+,
  title={{PDDL+ Planning with Events and Linear Processes.}},
  author={Coles, Amanda Jane and Coles, Andrew Ian},
  booktitle={ICAPS},
  year={2014}, 
  pages={74--82}
}


@article{shin2005processes,
  title={{Processes and Continuous Change in a SAT-based Planner}},
  author={Shin, Ji-Ae and Davis, Ernest},
  journal={AIJ},
  volume={166},
  number={1},
  pages={194--253},
  year={2005},
  publisher={Elsevier}
}


@online{cmurphi,
  title = {{Cached Murphi Web Page}},
  year = 2006,
  url = {http://www.di.univaq.it/gdellape/murphi/cmurphi.php}
}

@string{ecai = "European Conf. on Art. Intell."}
@string{ijcai = "Int'l Joint Conf. on Art. Intell."}
@string{jair = "J. of Art. Intell. Res."}
@string{socs = "Symp. on Combinatorial Search"}
@string{flairs = "International Conference of the Florida Artificial Intelligence Research Society"}
@string{icaps = "Proc. Int'l Conf. on Automated Planning and Scheduling"}
@string{aaai = "AAAI Conf. on Artificial Intelligence"}

@inproceedings{alford2009translating,
  title     = {Translating {HTN}s to {PDDL}: A Small Amount of Domain Knowledge Can Go a Long Way.},
  author    = {Alford, Ron and Kuter, Ugur and Nau, Dana S.},
 Xbooktitle = {Proceedings of the 21st International Joint Conference on Artificial Intelligence ({IJCAI})},
  booktitle = {Proc. of the 21st Int. Joint Conf. on Artificial Intelligence ({IJCAI})},
 Xbooktitle = {Proc. of {IJCAI} 2009},
  year      = {2009},
  pages     = {1629--1634},
  publisher = {{AAAI} Press}
}

@InProceedings{Hoeller2014HTNLanguage,
  Title                    = {Language Classification of Hierarchical Planning Problems},
  Author                   = {Daniel H{\"o}ller and Gregor Behnke and Pascal Bercher and Susanne Biundo},
 XBooktitle                = {Proceedings of the 21st European Conference on Artificial Intelligence ({ECAI})},
  Booktitle                = {Proc. of the 21st Europ. Conf. on Artificial Intelligence ({ECAI})},
 XBooktitle                = {Proc. of {ECAI} 2014},
  Year                     = {2014},
  Pages                    = {447--452},
  Publisher                = {{IOS} Press}
}

@article{helmert2009concise,
  title={Concise finite-domain representations for {PDDL} planning tasks},
  author={Helmert, Malte},
  journal={Artificial Intelligence},
  volume={173},
  number={5},
  pages={503--535},
  year={2009},
  publisher={Elsevier}
}

@article{sirin2004htn,
  title={{HTN} planning for web service composition using {SHOP2}},
  author={Sirin, Evren and Parsia, Bijan and Wu, Dan and Hendler, James and Nau, Dana},
  journal={Web Semantics: Science, Services and Agents on the World Wide Web},
  volume={1},
  number={4},
  pages={377--396},
  year={2004},
  publisher={Elsevier}
}

@article{hoffmann2001ff,
  Author = {Hoffmann, J. and Nebel, Bernhard},
  Journal = jair,
  Pages = {253--302},
  Title = {The {FF} Planning System},
  Volume = 14,
  Year = 2001,
  publisher={Elsevier}
}

@article{thiebaux2005defense,
  title={In defense of {PDDL} axioms},
  author={Thi{\'e}baux, Sylvie and Hoffmann, J{\"o}rg and Nebel, Bernhard},
  journal={Artificial Intelligence},
  volume={168},
  number={1},
  pages={38--69},
  year={2005},
  publisher={Elsevier}
}

@incollection{Karp1972,
  year={1972},
  booktitle={Complexity of Computer Computations},
  series={The IBM Research Symposia Series},
  editor={Miller, Raymond E. and Thatcher, James W. and Bohlinger, Jean D.},
  title={Reducibility among Combinatorial Problems},
  publisher={Springer US},
  author={Karp, Richard M.},
  pages={85--103}
}

@article{Kagaris199977,
title = {Maximum weighted independent sets on transitive graphs and applications},
journal = {Integration, the {VLSI} Journal},
volume = {27},
number = {1},
pages = {77--86},
year = {1999},
author = {Dimitri Kagaris and Spyros Tragoudas}
}

@book{tagkey2004ii,
author = {Golumbic, Martin Charles},
title = {Algorithmic Graph Theory and Perfect Graphs},
publisher = {Elsevier},
year = {2004},
volume = {57},
series = {Annals of Discrete Mathematics}
}




@inproceedings{alford2012htn,
  title     = {{HTN} Problem Spaces: Structure, Algorithms, Termination.},
  author    = {Alford, Ron and Shivashankar, Vikas and Kuter, Ugur and Nau, Dana S.},
 Xbooktitle = {Proceedings of the 5th Annual Symposium on Combinatorial Search ({SoCS})},
  booktitle = {Proc. of the 5th Annual Symposium on Combinatorial Search ({SoCS})},
 Xbooktitle = {Proc. of {SoCS} 2012},
  year      = {2012},
  pages     = {2--9},
  publisher = {{AAAI} Press}
}

@inproceedings{alford2014feasibility,
  title        = {On the feasibility of planning graph style heuristics for {HTN} planning},
  author       = {Alford, Ron and Shivashankar, Vikas and Kuter, Ugur and Nau, Dana S.},
 Xbooktitle    = {Proceedings of the 24th International Conference on Automated Planning and Scheduling ({ICAPS})},
  booktitle    = {Proc. of the 24th Int. Conf. on Automated Planning and Scheduling ({ICAPS})},
 Xbooktitle    = {Proc. of {ICAPS} 2014},
  pages        = {2--10},
  year         = {2014},
  publisher    = {{AAAI} Press}
}

@inproceedings{alford2015tight,
  title        = {Tight Bounds for {HTN} Planning},
  author       = {Alford, Ron and Bercher, Pascal and Aha, David W.},
 Xbooktitle    = {Proceedings of the Twenty-Fifth International Conference on Automated Planning and Scheduling (ICAPS)},
  booktitle    = {Proc. of the 25th Int. Conf. on Automated Planning and Scheduling (ICAPS)},
 Xbooktitle    = {Proc. of {ICAPS} 2015},
  year         = {2015},
  pages        = {7--15},
  publisher    = {{AAAI} Press}
}

@inproceedings{alford2015tight2,
  title        = {Tight Bounds for {HTN} Planning with Task Insertion},
  author       = {Alford, Ron and Bercher, Pascal and Aha, David W.},
 Xbooktitle    = {Proceedings of the Twenty-Fourth International Joint Conference on Artificial Intelligence (IJCAI)},
  booktitle    = {Proc. of the 25th Int. Joint Conf. on Artificial Intelligence ({IJCAI})},
 Xbooktitle    = {Proc. of {IJCAI} 2015},
  year         = {2015},
  pages        = {1502--1508},
  publisher    = {{AAAI} Press}
}


@inproceedings{behnke2015complexity,
  title     = {On the Complexity of {HTN} Plan Verification and its Implications for Plan Recognition},
  author    = {Behnke, Gregor and H{\"o}ller, Daniel and Biundo, Susanne},
 Xbooktitle = {Proceedings of the 25th International Conference on Automated Planning and Scheduling ({ICAPS})},
  booktitle = {Proc. of the 25th Int. Conf. on Automated Planning and Scheduling ({ICAPS})},
 Xbooktitle = {Proc. of {ICAPS} 2015},
  year      = {2015},
  pages     = {25--33},
  publisher = {{AAAI} Press}
}

@inproceedings{bercher2014hybrid,
  title      = {Hybrid Planning Heuristics Based on Task Decomposition Graphs},
  author     = {Pascal Bercher and Shawn Keen and Susanne Biundo},
 Xbooktitle  = {Proceedings of the 7th Annual Symposium on Combinatorial Search ({SoCS})},
  booktitle  = {Proc. of the Seventh Annual Symposium on Combinatorial Search ({SoCS})},
 Xbooktitle  = {Proc. of {SoCS} 2014},
  year       = {2014},
  pages      = {35--43},
  publisher  = {{AAAI} Press}
}


@Inproceedings { Elkawkagy12LandmarkStrategies,
   title     = {Improving Hierarchical Planning Performance by the Use of Landmarks},
   year      = {2012},
  Xmonth     = {7},
   pages     = {1763--1769},
   publisher = {{AAAI} Press},
  Xbooktitle = {Proceedings of the 26th National Conference on Artificial Intelligence ({AAAI} 2012)},
   booktitle = {Proc. of the 26th Nat. Conf. on Artificial Intelligence ({AAAI})},
  Xbooktitle = {Proc. of {AAAI} 2012},
   author    = {Elkawkagy, Mohamed and Bercher, Pascal and Schattenberg, Bernd and Biundo, Susanne}
}

@inproceedings{biundo2001crisis,
  title       = {From Abstract Crisis to Concrete Relief (A Preliminary Report on Combining State Abstraction and {HTN} Planning)},
  author      = {Susanne Biundo and Bernd Schattenberg},
 Xbooktitle   = {Proceedings of the 6th European Conference on Planning ({ECP})},
  booktitle   = {Proc. of the 6th Europ. Conf. on Planning ({ECP})},
 Xbooktitle   = {Proc. of {ECP} 2001},
  year        = {2001},
  pages       = {157--168},
  publisher   = {{AAAI} Press}
}


@Article{Erol95Complexity,
  Title     = {Complexity, decidability and undecidability results for domain-independent planning},
  Author    = {Kutluhan Erol and Dana S. Nau and V. S. Subrahmanian},
  Journal   = {Artificial Intelligence},
  Year      = {1995},
  Pages     = {75--88},
  Number    = {1},
  Volume    = {76}
}

@Article{Erol96ComplexityResultsForHTN,
  Title                    = {Complexity results for {HTN} planning},
  Author                   = {Kutluhan Erol and James A. Hendler and Dana S. Nau},
  Journal                  = {Annals of Mathematics and Artificial Intelligence},
  Year                     = {1996},
  Number                   = {1},
  Pages                    = {69--93},
  Volume                   = {18}
}

@inproceedings{lipovetzky2015classical,
  title={Classical planning with simulators: results on the atari video games},
  author={Lipovetzky, Nir and Ramirez, Miquel and Geffner, Hector},
  booktitle={IJCAI},
  year={2015},
  pages={1610--1616}

}

@inproceedings{geier2011decidability,
  Author    = {Geier, Thomas and Bercher, Pascal},
 XBooktitle = {Proceedings of the 22nd International Joint Conference on Artificial Intelligence (IJCAI)},
  Booktitle = {Proc. of the 22nd Int. Joint Conf. on Artificial Intelligence ({IJCAI})},
 XBooktitle = {Proc. of {IJCAI} 2011},
  Pages     = {1955--1961},
  Title     = {On the Decidability of {HTN} Planning with Task Insertion},
  Year      = {2011},
  publisher = {{AAAI} Press}
}

@inproceedings{jacopin2014game,
  title     = {Game {AI} Planning Analytics: The Case of Three First-Person Shooters},
  author    = {Jacopin, {\'E}ric},
  booktitle = {Proc. of the 10th Artificial Intelligence and Interactive Digital Entertainment Conference ({AIIDE})},
  pages     = {119--124},
  year      = {2014},
  publisher = {{AAAI} Press}
}

@article{nau2003shop2,
  title   = {{SHOP2}: An {HTN} planning system},
  author  = {Nau, Dana S. and Au, Tsz-Chiu and Ilghami, Okhtay and Kuter, Ugur and Murdock, J William and Wu, Dan and Yaman, Fusun},
  journal = jair,
  volume  = {20},
  pages   = {379--404},
  year    = {2003}
}

@Article{Nau05ApplicationsOfSHOPAndSHOP2,
  Title      = {Applications of {SHOP} and {SHOP2}},
  Author     = {Dana S. Nau and Tsz-Chiu Au and Okhtay Ilghami and Ugur Kuter and Dan Wu and Fusun Yaman and H{\'e}ctor Mu{\~n}oz-Avila and J. William Murdock},
  Journal    = {Intelligent Systems, IEEE},
  Year       = {2005},
  Month      = {March - April},
  Pages      = {34--41},
  Volume     = {20}
}

@inproceedings{smith2008anml,
  title={The {ANML} language},
  author={Smith, David E and Frank, Jeremy and Cushing, William},
  booktitle={Proc. of the Workshop on Knowledge Engineering for Planning and Scheduling ({KEPS})},
  year={2008},
}

@InProceedings{Erol94UMCP,
  Title        = {{UMCP}: A Sound and Complete Procedure for Hierarchical Task-Network Planning},
  Author       = {Kutluhan Erol and James A. Hendler and Dana S. Nau},
 XBooktitle    = {Proceedings of the 2nd International Conference on Artificial Intelligence Planning Systems ({AIPS} 1994)},
  Booktitle    = {Proc. of the 2nd Int. Conf. on Artificial Intelligence Planning Systems ({AIPS})},
  Year         = {1994},
  Pages        = {249--254},
  Publisher    = {{AAAI} Press}
}

@InProceedings{Kambhampati98HybridPlanning,
  Title        = {Hybrid Planning for Partially Hierarchical Domains},
  Author       = {Subbarao Kambhampati and Amol Mali and Biplav Srivastava},
 XBooktitle    = {Proceedings of the 15th National Conference on Artificial Intelligence ({AAAI} 1998)},
  Booktitle    = {Proc. of the 15th Nat. Conf. on Artificial Intelligence ({AAAI})},
 XBooktitle    = {Proc. of {AAAI} 1998},
  Year         = {1998},
  Pages        = {882--888},
  Publisher    = {{AAAI} Press}
}

@InProceedings{Lin08UserPreferences,
  Title        = {Web Service Composition with User Preferences},
  Author       = {Naiwen Lin and Ugur Kuter and Evren Sirin},
 XBooktitle    = {Proceedings of the 5th European Semantic Web Conference ({ESWC})},
  Booktitle    = {Proc. of the 5th Europ. Semantic Web Conference ({ESWC})},
  Year         = {2008},
 XAddress      = {Berlin, Heidelberg},
  Pages        = {629--643},
  Publisher    = {Springer}
}

@Article{Biundo11CognitiveSystems,
  Title        = {Advanced user assistance based on {AI} planning},
  Author       = {Susanne Biundo and Pascal Bercher and Thomas Geier and Felix M\"uller and Bernd Schattenberg},
  Journal      = {Cognitive Systems Research},
  Year         = {2011},
  Month        = {April},
  Note         = {Special Issue on Complex Cognition},
  Number       = {3-4},
  Pages        = {219--236},
  Volume       = {12}
}



@article{knuth1977complexity,
 author     = {Knuth, Donald E.},
 title      = {The Complexity of Songs},
 journal    = {SIGACT News},
Xissue_date = {Summer 1977},
 volume     = {9},
 number     = {2},
Xmonth      = jul,
 year       = {1977},
 issn       = {0163-5700},
 pages      = {17--24},
 numpages   = {8},
Xurl        = {http://doi.acm.org/10.1145/1008354.1008355},
 doi        = {10.1145/1008354.1008355},
Xacmid      = {1008355},
 publisher  = {ACM},
Xaddress    = {New York, NY, USA}
} 


@inproceedings{weser2010htn,
  title={{HTN} robot planning in partially observable dynamic environments},
  author={Weser, Martin and Off, Dominik and Zhang, Jianwei},
  booktitle={Proc. of the 2010 {IEEE} Int. Conf. on Robotics and Automation ({ICRA})},
  pages={1505--1510},
  year={2010},
  publisher={IEEE}
}

@inproceedings{xie2014jasper,
  title={Jasper: The art of Exploration in Greedy Best First Search},
  author={Xie, Fan and M{\"u}ller, Martin and Holte, Robert},
  booktitle={The 8th Int. Planning Competition},
  editor={Vallati, Mauro and Chrpa, Luk{\'a}{\u s} and McCluskey, Thomas L.},
  pages={39--42},
  year={2014}
}

@inproceedings{lipovetzky2014width,
  title={Width and Inference Based Planners: {SIW}, {BFS(f)}, and {PROBE}},
  author={Lipovetzky, Nir and Ramirez, Miquel and Muise, Christian and Geffner, Hector},
  booktitle={The 8th Int. Planning Competition},
  editor={Vallati, Mauro and Chrpa, Luk{\'a}{\u s} and McCluskey, Thomas L.},
  pages={6--7},
  year={2014}
}


@inproceedings{kuter2015hackar,
  title={{HACKAR}: helpful advice for code knowledge and attack resilience},
  author={Kuter, Ugur and Burstein, Mark and Benton, J and Bryce, Daniel and Thayer, Jordan and McCoy, Steve},
  booktitle={Proc. of the 27th {AAAI} Conf. on Artificial Intelligence}, 
 Xbooktitle={Proc. of {AAAI} 2015},
  year={2015},
  pages = {3987--3992},
  publisher={{AAAI} Press}
}

@inproceedings{fritz2008congolog,
  author    = {Christian Fritz and
               Jorge A. Baier and
               Sheila A. McIlraith},
  title     = {ConGolog, Sin Trans: Compiling ConGolog into Basic Action Theories
               for Planning and Beyond},
  booktitle = {Proc. of the 11th Int. Conf. on Principles of Knowledge Representation and Reasoning ({KR})},
  pages     = {600--610},
  year      = {2008},
  publisher = {{AAAI} Press},
 Xurl       = {http://www.aaai.org/Library/KR/2008/kr08-059.php},
 Xtimestamp = {Tue, 10 Jun 2014 18:22:44 +0200},
 Xbiburl    = {http://dblp2.uni-trier.de/rec/bib/conf/kr/FritzBM08},
 Xbibsource = {dblp computer science bibliography, http://dblp.org}
}

@inproceedings{goldman2009htn,
  author    = {Robert P. Goldman},
  title     = {A Semantics for {HTN} Methods},
  booktitle = {Proc. of the 19th Int. Conf. on Automated Planning and Scheduling ({ICAPS})},
 Xbooktitle = {Proc. of {ICAPS} 2009},
  year      = {2009},
  publisher = {{AAAI} Press},
 Xurl       = {http://aaai.org/ocs/index.php/ICAPS/ICAPS09/paper/view/750},
 Xtimestamp = {Thu, 13 Dec 2012 14:15:16 +0100},
 Xbiburl    = {http://dblp2.uni-trier.de/rec/bib/conf/aips/Goldman09},
 Xbibsource = {dblp computer science bibliography, http://dblp.org}
}

@inproceedings{benton2012temporal,
  author    = {J. Benton and
               Amanda Jane Coles and
               Andrew Coles},
  title     = {Temporal Planning with Preferences and Time-Dependent Continuous Costs},
  booktitle = {Proc. of the 22nd Int. Conf. on Automated Planning and Scheduling ({ICAPS})},
 Xbooktitle = {Proc. of {ICAPS} 2012},
  year      = {2012},
  publisher = {{AAAI} Press},
 Xurl       = {http://www.aaai.org/ocs/index.php/ICAPS/ICAPS12/paper/view/4699},
 Xtimestamp = {Tue, 10 Jul 2012 14:46:39 +0200},
 Xbiburl    = {http://dblp2.uni-trier.de/rec/bib/conf/aips/BentonCC12},
 Xbibsource = {dblp computer science bibliography, http://dblp.org}
}

@inproceedings{Ontanon2015HTNinGames,
  author    = {Onta\~{n}\'{o}n, Santiago and Buro, Michael},
  title     = {Adversarial Hierarchical-task Network Planning for Complex Real-time Games},
 Xbooktitle = {Proceedings of the 24th International Conference on Artificial Intelligence},
  booktitle = {Proc. of the 24th Int. Conference on Artificial Intelligence ({IJCAI})},
 Xbooktitle = {Proc. of {IJCAI} 2015},
 Xseries    = {IJCAI'15},
  year      = {2015},
 Xisbn      = {978-1-57735-738-4},
 Xlocation  = {Buenos Aires, Argentina},
  pages     = {1652--1658},
 Xnumpages  = {7},
 Xurl       = {http://dl.acm.org/citation.cfm?id=2832415.2832479},
 Xacmid     = {2832479},
  publisher = {{AAAI} Press},
} 


@Inproceedings { Bercher14TDGHeuristics,
   title = {Hybrid Planning Heuristics Based on Task Decomposition Graphs},
   year = {2014},
   pages = {35--43},
   publisher = {AAAI Press},
  Xbooktitle = {Proceedings of the Seventh Annual Symposium on Combinatorial Search (SoCS 2014)},
   booktitle = {Proc. of the 7th Annual Symposium on Combinatorial Search (SoCS)},
  Xbooktitle = {Proc. of {SoCS} 2014},
   author = {Bercher, Pascal and Keen, Shawn and Biundo, Susanne}
}


@TECHREPORT{Andrews95umtranslog,
    author = {Scott Andrews and Brian Kettler and Kutluhan Erol and James Hendler},
    title = {UM Translog: A Planning Domain for the Development and Benchmarking of Planning Systems},
    institution = {University of Maryland at College Park,},
    year = {1995}
}

@inproceedings{areces2014optimizing,
  author    = {Carlos Areces and
               Facundo Bustos and
               Mart{\'{\i}}n Ariel Dominguez and
               J{\"{o}}rg Hoffmann},
  title     = {Optimizing Planning Domains by Automatic Action Schema Splitting},
  booktitle = {Proc. of the 24th Int. Conf. on Automated Planning and Scheduling ({ICAPS})},
 Xbooktitle = {Proc. of {ICAPS} 2014},
  year      = {2014},
  publisher = {{AAAI Press}},
 Xurl       = {http://www.aaai.org/ocs/index.php/ICAPS/ICAPS14/paper/view/7894},
 Xtimestamp = {Thu, 19 Nov 2015 08:52:28 +0100},
 Xbiburl    = {http://dblp2.uni-trier.de/rec/bib/conf/aips/ArecesBD014},
 Xbibsource = {dblp computer science bibliography, http://dblp.org}
}

@inproceedings{sohrabi2009htn,
  author    = {Shirin Sohrabi and
               Jorge A. Baier and
               Sheila A. McIlraith},
  title     = {{HTN} Planning with Preferences},
  booktitle = {{IJCAI} 2009, Proceedings of the 21st International Joint Conference
               on Artificial Intelligence, Pasadena, California, USA, July 11-17,
               2009},
  pages     = {1790--1797},
  year      = {2009},
  crossref  = {DBLP:conf/ijcai/2009},
  url       = {http://ijcai.org/papers09/Papers/IJCAI09-298.pdf},
  timestamp = {Tue, 13 Oct 2009 12:35:30 +0200},
  biburl    = {http://dblp.uni-trier.de/rec/bib/conf/ijcai/SohrabiBM09},
  bibsource = {dblp computer science bibliography, http://dblp.org}
}
@proceedings{DBLP:conf/ijcai/2009,
  editor    = {Craig Boutilier},
  title     = {{IJCAI} 2009, Proceedings of the 21st International Joint Conference
               on Artificial Intelligence, Pasadena, California, USA, July 11-17,
               2009},
  year      = {2009},
  timestamp = {Tue, 13 Oct 2009 12:33:41 +0200},
  biburl    = {http://dblp.uni-trier.de/rec/bib/conf/ijcai/2009},
  bibsource = {dblp computer science bibliography, http://dblp.org}
}

@inproceedings{smithCushing08anml,
    author = {D. E. Smith and W. Cushing},
    booktitle = {Proc. Int. Symposoium on AI, Robotics and Automation in Space (iSAIRAS),Los Angeles, CA},
    year  = {2008},
    title = {The {ANML} Language}
}

@inproceedings{bonasso09enhancing,
    author = {Pete Bonasso and Mark Boddy and Dave Kortenkamp},
    booktitle = {Proc. of Int. Workshop on  Planning and Scheduling for Space},
    year  = {2009},
    title = {Enhancing {NASA}'s Procedure Representation Language to Support Planning Operations}
}

@inproceedings{bonasso10planning,
    author = {Pete Bonasso and Mark Boddy},
    booktitle = {Working notes of the ICAPS 2010 SPARK Workshop. Toronto, Canada},
    year  = {2010},
    title = {Planning for Human Execution of Procedures Using {ANML}}
}


@article{ghallab14actors,
	title = {The actor's view of automated planning and acting: a position paper},
	volume = {208},
	shorttitle = {The actor's view of automated planning and acting},
	urldate = {2015-01-23},
	journal = {Artificial Intelligence},
	author = {Ghallab, Malik and Nau, Dana and Traverso, Paolo},
	year = {2014},
	pages = {1--17},
	file = {ghallabNauTraverso13.aij.actorsView.pdf:C\:\\z\\cloud\\Dropbox\\shared\\research\\zotero\\documents\\ghallabNauTraverso13.aij.actorsView.pdf:application/pdf}
}

@inproceedings{gerevini2005plan,
  title={Plan constraints and preferences in {PDDL3}},
  author={Gerevini, Alfonso and Long, Derek},
  booktitle={The Language of the 5th IPC. Technical Report, Department of Electronics for Automation, University of Brescia, Italy},
  volume={75},
  year={2005}
}

@Article{bylander1994computational,
  Title                    = {The Computational Complexity of Propositional {STRIPS} Planning},
  Author                   = {Tom Bylander},
  Journal                  = {Artificial Intelligence},
  Year                     = {1994},
  Number                   = {1-2},
  Pages                    = {165--204},
  Volume                   = {94},
  publisher                = {Elsevier}
}

@article{ontanon2013survey,
  title={A survey of real-time strategy game AI research and competition in StarCraft},
  author={Ontan{\'o}n, Santiago and Synnaeve, Gabriel and Uriarte, Alberto and Richoux, Florian and Churchill, David and Preuss, Mike},
  journal={Computational Intelligence and AI in Games, IEEE Transactions on},
  volume={5},
  number={4},
  pages={293--311},
  year={2013},
  publisher={IEEE}
}

@article{Ghallab2014TheAV,
  title={The actor's view of automated planning and acting: A position paper},
  author={Malik Ghallab and Dana S. Nau and Paolo Traverso},
  journal={Artif. Intell.},
  year={2014},
  volume={208},
  pages={1-17}
}

@inproceedings{Nau2015BlendedPA,
  title={Blended Planning and Acting: Preliminary Approach, Research Challenges},
  author={Dana S. Nau and Malik Ghallab and Paolo Traverso},
  booktitle=aaai,
  year={2015}
}

@inproceedings{robertsEtAl15.flairs.coordinatingRobotTeams,
  title={Coordinating Robot Teams for Disaster Relief},
  author={Mark Roberts and Thomas Apker and Benjamin Johnston and Bryan Auslander and Briana Wellman and David W. Aha},
  booktitle=flairs,
  year={2015}
}

@inproceedings{Thangarajah2010OperationalBF,
  title={Operational Behaviour for Executing, Suspending, and Aborting Goals in BDI Agent Systems},
  author={John Thangarajah and James Harland and David N. Morley and Neil Yorke-Smith},
  booktitle={DALT},
  year={2010}
}

@article{Harland2014AnOS,
  title={An operational semantics for the goal life-cycle in BDI agents},
  author={James Harland and David N. Morley and John Thangarajah and Neil Yorke-Smith},
  journal={Autonomous Agents and Multi-Agent Systems},
  year={2014},
  volume={28},
  pages={682-719}
}

@inproceedings{Wilson2013DomainIndependentHF,
  title={Domain-Independent Heuristics for Goal Formulation},
  author={Mark A. Wilson and Matthew Molineaux and David W. Aha},
  booktitle={FLAIRS},
  year={2013}
}

@inproceedings{MuozAvila20152015AC,
  title={Guiding the Ass with Goal Motivation Weights},
  author={Hector Munoz-Avila and Mark A. Wilson and David W. Aha},
  booktitle={2015 Annual Conference on Advances in Cognitive Systems: Workshop on Goal Reasoning},
  year={2015}
}

@inproceedings{Aluru2015MinecraftAA,
  title={Minecraft as an Experimental World for {AI} in Robotics},
  author={Krishna Aluru and Stefanie Tellex and John Oberlin and James Macglashan},
  booktitle={AAAI Fall Symposium},
  year={2015}
}

@inproceedings{Roberts2014IterativeGR,
  title={Iterative Goal Refinement for Robotics},
  author={Mark Roberts and Swaroop Vattam and Ronald Alford and Bryan Auslander and Justin Karneeb and Matthew Molineaux and Tom Apker and Mark Wilson and James Mcmahon and David W. Aha},
  year={2014}
}

@inproceedings{Roberts2015GoalRTC,
  title={Goal Reasoning to Coordinate Teams for Disaster Relief},
  author={Mark Roberts and Swaroop Vattam and Ronald Alford and Bryan Auslander and Tom Apker and Benjamin Johnson and David W. Aha},
  year={2015},
  booktitle={Working Notes of the PlanRob Workshop at ICAPS}
}

@inproceedings{Vattam2015CaseBasedPR,
  title={Case-Based Plan Recognition Under Imperfect Observability},
  author={Swaroop Vattam and David W. Aha},
  booktitle={ICCBR},
  year={2015}
}

@article{Ontan2013ASO,
  title={A Survey of Real-Time Strategy Game AI Research and Competition in StarCraft},
  author={Santiago Ontanon and Gabriel Synnaeve and Alberto Uriarte and Florian Richoux and David Churchill and Mike Preuss},
  journal={IEEE Trans. Comput. Intellig. and AI in Games},
  year={2013},
  volume={5},
  pages={293-311}
}

@inproceedings{Cox2016midca,
  title={{MIDCA}: A Metacognitive, Integrated Dual-Cycle Architecture for Self-Regulated Autonomy},
  author={Michael T. Cox and Zohreh Alavi and Dustin Dannenhauer and Vahid Eyorokon and Hector Munoz-Avila and Don Perlis},
  booktitle={AAAI},
  year={2016}
}

@inproceedings{Molineaux2014LearningUE,
title={Learning Unknown Event Models},
author={Matthew Molineaux and David W. Aha},
booktitle={AAAI},
year={2014}
}
                  
@inproceedings{munozAvila10.flairs.applyingGDA,
  title={Applying goal directed autonomy to a team shooter game},
  author={Munoz-Avila, H. and Aha, D.W. and Jaidee, U. and Klenk, M. and Molineaux, M.},
  booktitle={FLAIRS},
  year={2010},
  pages={465-470}
}
                  
@article{nau07.aimag.currentTrends,
  title={Current Trends in Automated Planning},
  author={D. Nau},
  journal={Art. Intell. Mag.},
  year={2007},
  volume={28(40)},
  pages={43-58}
}

@inproceedings{apkerEtAl15.aiaa.ltlTemplates,
  title={LTL Templates for Play-Calling Supervisory Control},
  author={T. Apker and B. Johnson and L. Humphrey},
  booktitle={Proc. AIAA @Infospace},
  year={2016}
}

@article{deGiacomoEtal16.aij.agentPlanningPrograms,
  title={Agent Planning programs},
  author={G. De Giacomo and A. E. Gerevini and F. Patrizi and A. Saetti and S. Sardina},
  journal={Artificial Intelligence},
  volume={231},
  pages={64--106},
  year={2016},
  publisher={Elsevier}
}
                  
@inproceedings{dannenhauerMunozAvila15.ijcai.raisingExpectations,
  title        = {Raising Expectations in GDA Agents Acting in Dynamic Environments},
  author       = {Dannenhauer, Dustin and Munoz-Avila, Hector},
  booktitle    = {Proc. of the Int'l Joint Conf. on {AI} (\mbox{{IJCAI}})},
  year         = {2015},
  organization = {{AAAI} Press}
}


@inproceedings{youngHawes12.aiide.evolutionaryLearning,
  title        = {Evolutionary learning of goal priorities in a real-time strategy game.},
  author       = {Young, J. and Hawes, N.},
  booktitle    = {Proc. of the AIIDE},
  year         = {2012},
  organization = {{AAAI} Press}
}

@inproceedings{johnsonEtal16.acs.grim,
  title        = {Goal Reasoning with Information Measures},
  author       = {B. Johnson and M. Roberts and T. Apker and D.W. Aha},
  booktitle    = {Proceedings of the Conf. on Advances in Cognitive Systems },
  year         = {to appear},
}


@article{gereviniEtAl09.aij.ipc2008,
  title={Deterministic planning in the fifth international planning competition: PDDL3 and experimental evaluation of the planners},
  author={Alfonso E. Gerevini and Patrik Haslum and Derek Long and Alessandro Saetti and Yannis Dimopoulos},
  journal={Artificial Intelligence},
  volume={173},
  number={5},
  pages={619-668},
  year={2009},
  publisher={Elsevier}
}

@ARTICLE{kambhampati95.aij.planningAsRefinementSearch,
  author = {Subbarao Kambhampati and Craig A. Knoblock and Qiang Yang},
  title = {Planning as Refinement Search: A Unified Framework for Evaluating
	Design Tradeoffs in Partial-Order Planning},
  journal = {Artificial Intelligence},
  year = {1995},
  volume = {76},
  pages = {168--238},
  number = {1--2},
  citeseercitationcount = {0},
  citeseerurl = {http://citeseer.ist.psu.edu/513495.html},
  file = {kambhampati95PlanningAsRefinementSearch.pdf:referenceDocuments-001/kambhampati95PlanningAsRefinementSearch.pdf:PDF},
  owner = {mroberts}
}

 @inproceedings{marthi2008angelic,
	Author = {Marthi, B. and Russell, S.J. and Wolfe, J.},
	Booktitle = {Proc. Int'l Conf. on Automated Planning and Scheduling},
	Pages = {222--231},
	Title = {Angelic hierarchical planning: Optimal and online algorithms},
	Year = {2008}}

@article{valettiEtAl15.aimag.ipc2014,
  title={The 2014 International Planning Competition: Progress and Trends},
  author={Mauro Vallati and Lukas Chrpa and Marek Grze\'s and Thomas Leo McCluskey and Mark Roberts and Scott Sanner},
  journal={AI Magazine},
  year={2015},
  volume={36(3)},
  pages={90-98}
}

@inproceedings{vattamEtAl13.acsw.breadthOfApproaches,
	Author = {Vattam, S. and Klenk, M. and Molineaux, M. and Aha, D.W.},
	Booktitle = {Goal Reasoning: Papers from the ACS Workshop (Technical Report CS-TR-5029).  College Park, MD: University of Maryland, Department of Computer Science },
	Pages = {222--231},
        editor = {D.W. Aha and M.T. Cox and H. Muñoz-Avila},
	Title = {Breadth of approaches to goal reasoning: A research survey},
	Year = {2013}}

@inproceedings{pnueli1977temporal,
  title={The temporal logic of programs},
  author={Pnueli, Amir},
  booktitle={Foundations of Computer Science, 1977., 18th Annual Symposium on},
  pages={46--57},
  year={1977},
  organization={IEEE}
}

@inproceedings{johnson2016malmo,
  title={The Malmo Platform for Artificial Intelligence Experimentation.},
  author={Johnson, Matthew and Hofmann, Katja and Hutton, Tim and Bignell, David},
  booktitle={IJCAI},
  pages={4246--4247},
  year={2016}
}

@article{silver2016mastering,
  title={Mastering the game of Go with deep neural networks and tree search},
  author={Silver, David and Huang, Aja and Maddison, Chris J and Guez, Arthur and Sifre, Laurent and Van Den Driessche, George and Schrittwieser, Julian and Antonoglou, Ioannis and Panneershelvam, Veda and Lanctot, Marc and others},
  journal={nature},
  volume={529},
  number={7587},
  pages={484--489},
  year={2016},
  publisher={Nature Publishing Group}
}

@article{renz2019ai,
  title={Ai meets angry birds},
  author={Renz, Jochen and Ge, XiaoYu and Stephenson, Matthew and Zhang, Peng},
  journal={Nature Machine Intelligence},
  volume={1},
  number={7},
  pages={328--328},
  year={2019},
  publisher={Nature Publishing Group}
}

@article{fikes1971strips,
  title={STRIPS: A new approach to the application of theorem proving to problem solving},
  author={Fikes, Richard E and Nilsson, Nils J},
  journal={Artificial intelligence},
  volume={2},
  number={3-4},
  pages={189--208},
  year={1971},
  publisher={Elsevier}
}

@incollection{pednault1987formulating,
  title={Formulating multiagent, dynamic-world problems in the classical planning framework},
  author={Pednault, Edwin PD},
  booktitle={Reasoning about actions \& plans},
  pages={47--82},
  year={1987},
  publisher={Elsevier}
}

@article{ramirez2017numerical,
  title={Numerical integration and dynamic discretization in heuristic search planning over hybrid domains},
  author={Ramirez, Miquel and Scala, Enrico and Haslum, Patrik and Thiebaux, Sylvie},
  journal={arXiv preprint arXiv:1703.04232},
  year={2017}
}

@incollection{henzinger2000theory,
  title={The theory of hybrid automata},
  author={Henzinger, Thomas A},
  booktitle={Verification of digital and hybrid systems},
  pages={265--292},
  year={2000},
  publisher={Springer}
}

@inproceedings{della2010pddl+,
  title={A PDDL+ benchmark problem: The batch chemical plant},
  author={Della Penna, Giuseppe and Intrigila, Benedetto and Magazzeni, Daniele and Mercorio, Fabio},
  booktitle={International Conference on Automated Planning and Scheduling},
  year={2010}
}

@inproceedings{roberts2017automated,
  title={Automated planning with goal reasoning in minecraft},
  author={Roberts, M and Piotrowski, W and Bevan, P and Aha, D and Fox, M and Long, D and Magazzeni, D},
  booktitle={Proceedings of ICAPS workshop on Integrated Execution of Planning and Acting},
  year={2017}
}

@phdthesis{piotrowski2018heuristics,
  title={Heuristics for AI Planning in Hybrid Systems},
  author={Piotrowski, Wiktor Mateusz},
  year={2018},
  school={King's College London}
}

@inproceedings{renz2015aibirds,
  title={AIBIRDS: The Angry Birds Artificial Intelligence Competition.},
  author={Renz, Jochen and others},
  booktitle={AAAI},
  pages={4326--4327},
  year={2015}
}



%   journal={Czech Technical University in Prague, Prague, Czech Republic, Tech. Rep. of the Datal. ab},



@techreport{wang2017description,
  author      = "Tian Jian Wang",
  title       = "Description for Eagle's Wing, an AI Angry Bird Playing Agent",
  institution = "University of Waterloo",
  year        = "2017",
  note        = "http://www.aibirds.org/2017/eaglewing2017.pdf"
}

@techreport{borovicka2014datalab,
  author={Borovicka, Tomas and Spetlik, Radim and Rymes, K},
  title={DataLab Birds Angry Birds AI},
institution={Czech Technical University},
  year={2014}
}


@inproceedings{stephenson2017creating,
  title={Creating a Hyper-Agent for Solving Angry Birds Levels},
  author={Stephenson, Matthew and Renz, Jochen},
  booktitle={AIIDE},
  pages={234--240},
  year={2017}
}

@inproceedings{scala2016interval,
  title={Interval-based relaxation for general numeric planning},
  author={Scala, Enrico and Haslum, Patrik and Thi{\'e}baux, Sylvie and Ramirez, Miquel},
  booktitle={Proceedings of the Twenty-second European Conference on Artificial Intelligence},
  pages={655--663},
  year={2016}
}


@article{stephenson2020computational,
  title={The computational complexity of Angry Birds},
  author={Stephenson, Matthew and Renz, Jochen and Ge, Xiaoyu},
  journal={Artificial Intelligence},
  volume={280},
  pages={103232},
  year={2020}
}


@inproceedings{klenk2020model,
  title={Model-Based Novelty Adaptation for Open-World AI},
  author={Klenk, Matthew and Piotrowski, Wiktor and Stern, Roni and Mohan, Shiwali and de Kleer, Johan},
  booktitle={International Workshop on Principles of Diagnosis (DX)},
  year={2020}
}