% GLA-ICPR'22
@inproceedings{chaturvedi2022pay,
  title={Pay" Attention" to Adverse Weather: Weather-aware Attention-based Object Detection},
  author={Chaturvedi, Saket S and Zhang, Lan and Yuan, Xiaoyong},
  booktitle={Proceedings of the International Conference on Pattern Recognition (ICPR)},
  year={2022},
}

@article{zang2019impact,
  title={The impact of adverse weather conditions on autonomous vehicles: how rain, snow, fog, and hail affect the performance of a self-driving car},
  author={Zang, Shizhe and Ding, Ming and Smith, David and Tyler, Paul and Rakotoarivelo, Thierry and Kaafar, Mohamed Ali},
  journal={IEEE vehicular technology magazine},
  year={2019},
}

% FuseNet-ACCV'16
@inproceedings{hazirbas2017fusenet,
  title={Fusenet: Incorporating depth into semantic segmentation via fusion-based cnn architecture},
  author={Hazirbas, Caner and Ma, Lingni and Domokos, Csaba and Cremers, Daniel},
  booktitle={Proceedings of the 13th Asian Conference on Computer Vision (ACCV)},
  year={2016},
}

% RFBNet-arXiv'19
@article{deng2019rfbnet,
  title={RFBNet: deep multimodal networks with residual fusion blocks for RGB-D semantic segmentation},
  author={Deng, Liuyuan and Yang, Ming and Li, Tianyi and He, Yuesheng and Wang, Chunxiang},
  journal={arXiv},
  year={2019}
}

% AdapNet-ICRA'17
@inproceedings{valada2017adapnet,
  title={Adapnet: Adaptive semantic segmentation in adverse environmental conditions},
  author={Valada, Abhinav and Vertens, Johan and Dhall, Ankit and Burgard, Wolfram},
  booktitle={Proceedings of the IEEE International Conference on Robotics and Automation (ICRA)},
  year={2017},
}

% LSD GF-CVPR'17
@inproceedings{cheng2017locality,
  title={Locality-sensitive deconvolution networks with gated fusion for rgb-d indoor semantic segmentation},
  author={Cheng, Yanhua and Cai, Rui and Li, Zhiwei and Zhao, Xin and Huang, Kaiqi},
  booktitle={Proceedings of the IEEE/CVF Conference on Computer Vision and Pattern Recognition (CVPR)},
  year={2017}
}

@inproceedings{chen2017multi,
  title={Multi-view 3d object detection network for autonomous driving},
  author={Chen, Xiaozhi and Ma, Huimin and Wan, Ji and Li, Bo and Xia, Tian},
  booktitle={Proceedings of the IEEE/CVF Conference on Computer Vision and Pattern Recognition (CVPR)},
  year={2017}
}

@inproceedings{manjunath2018radar,
  title={Radar based object detection and tracking for autonomous driving},
  author={Manjunath, Ankith and Liu, Ying and Henriques, Bernardo and Engstle, Armin},
  booktitle={Proceedings of the IEEE MTT-S International Conference on Microwaves for Intelligent Mobility (ICMIM)},
  year={2018},
}


% MaskRCNN-ICCV'17 
@inproceedings{he2017mask,
  title={Mask r-cnn},
  author={He, Kaiming and Gkioxari, Georgia and Doll{\'a}r, Piotr and Girshick, Ross},
  booktitle={Proceedings of the IEEE/CVF International Conference on Computer Vision (ICCV)},
  year={2017}
}

% EfficientNet-ICML'19
@inproceedings{tan2019efficientnet,
  title={Efficientnet: Rethinking model scaling for convolutional neural networks},
  author={Tan, Mingxing and Le, Quoc},
  booktitle={Proceedings of the International Conference on Machine Learning (ICML)},
  year={2019},
}

% EfficientDet-cvpr'20
@inproceedings{tan2020efficientdet,
  title={Efficientdet: Scalable and efficient object detection},
  author={Tan, Mingxing and Pang, Ruoming and Le, Quoc V},
  booktitle={Proceedings of the IEEE/CVF Conference on Computer Vision and Pattern Recognition (CVPR)},
  year={2020}
}

% PAA-ECCV'20
@inproceedings{kim2020probabilistic,
  title={Probabilistic anchor assignment with iou prediction for object detection},
  author={Kim, Kang and Lee, Hee Seok},
  booktitle={Proceedings of the European Conference on Computer Vision (ECCV)},
  year={2020},
}

% DynamicRCNN-ECCV'20
@inproceedings{zhang2020dynamic,
  title={Dynamic R-CNN: Towards high quality object detection via dynamic training},
  author={Zhang, Hongkai and Chang, Hong and Ma, Bingpeng and Wang, Naiyan and Chen, Xilin},
  booktitle={Proceedings of the European Conference on Computer Vision (ECCV)},
  year={2020},
}

% DETR-ECCV'20
@inproceedings{carion2020end,
  title={End-to-end object detection with transformers},
  author={Carion, Nicolas and Massa, Francisco and Synnaeve, Gabriel and Usunier, Nicolas and Kirillov, Alexander and Zagoruyko, Sergey},
  booktitle={Proceedings of the European Conference on Computer Vision (ECCV)},
  year={2020},
}

% DeformableDETR-ICLR'21
@article{zhu2020deformable,
  title={Deformable detr: Deformable transformers for end-to-end object detection},
  author={Zhu, Xizhou and Su, Weijie and Lu, Lewei and Li, Bin and Wang, Xiaogang and Dai, Jifeng},
  journal={arXiv},
  year={2020}
}

% Corner Net ECCV'18
@inproceedings{law2018cornernet,
  title={Cornernet: Detecting objects as paired keypoints},
  author={Law, Hei and Deng, Jia},
  booktitle={Proceedings of the European Conference on Computer Vision (ECCV)},
  year={2018},
}

% DDOD-ACMMM'21
@inproceedings{chen2021disentangle,
  title={Disentangle your dense object detector},
  author={Chen, Zehui and Yang, Chenhongyi and Li, Qiaofei and Zhao, Feng and Zha, Zheng-Jun and Wu, Feng},
  booktitle={Proceedings of the 29th ACM International Conference on Multimedia (ACM MM)},
  year={2021}
}

% TOOD-ICCV'21
@inproceedings{feng2021tood,
  title={Tood: Task-aligned one-stage object detection},
  author={Feng, Chengjian and Zhong, Yujie and Gao, Yu and Scott, Matthew R and Huang, Weilin},
  booktitle={Proceedings of the IEEE/CVF International Conference on Computer Vision (ICCV)},
  year={2021},
}

% YOLOX-CVPR'21
@article{ge2021yolox,
  title={Yolox: Exceeding yolo series in 2021},
  author={Ge, Zheng and Liu, Songtao and Wang, Feng and Li, Zeming and Sun, Jian},
  journal={arXiv},
  year={2021}
}

% VarifocalNet-CVPR'21
@inproceedings{zhang2021varifocalnet,
  title={Varifocalnet: An iou-aware dense object detector},
  author={Zhang, Haoyang and Wang, Ying and Dayoub, Feras and Sunderhauf, Niko},
  booktitle={Proceedings of the IEEE/CVF Conference on Computer Vision and Pattern Recognition (CVPR)},
  year={2021}
}

% SparseRCNN-CVPR'21
@inproceedings{sun2021sparse,
  title={Sparse r-cnn: End-to-end object detection with learnable proposals},
  author={Sun, Peize and Zhang, Rufeng and Jiang, Yi and Kong, Tao and Xu, Chenfeng and Zhan, Wei and Tomizuka, Masayoshi and Li, Lei and Yuan, Zehuan and Wang, Changhu and others},
  booktitle={Proceedings of the IEEE/CVF Conference on Computer Vision and Pattern Recognition (CVPR)},
  year={2021}
}

% YOLOF CVPR'21
@inproceedings{chen2021you,
  title={You Only Look One-level Feature},
  author={Chen, Qiang and Wang, Yingming and Yang, Tong and Zhang, Xiangyu and Cheng, Jian and Sun, Jian},
  booktitle={Proceedings of the IEEE/CVF Conference on Computer Vision and Pattern Recognition (CVPR)},
  year={2021}
}

% YOLOV7-arXiv'22
@article{wang2022yolov7,
  title={YOLOv7: Trainable bag-of-freebies sets new state-of-the-art for real-time object detectors},
  author={Wang, Chien-Yao and Bochkovskiy, Alexey and Liao, Hong-Yuan Mark},
  journal={arXiv},
  year={2022}
}

% DINO ICLR' 23
@misc{zhang2022dino,
  title={DINO: DETR with Improved DeNoising Anchor Boxes for End-to-End Object Detection},
  author={Hao Zhang and Feng Li and Shilong Liu and Lei Zhang and Hang Su and Jun Zhu and Lionel M. Ni and Heung-Yeung Shum},
  archivePrefix={arXiv},
  year={2022},
}

% FasterRCNN-TPAMI'17
@article{Ren_2017,
   title={Faster R-CNN: Towards Real-Time Object Detection with Region Proposal Networks},
   journal={IEEE Transactions on Pattern Analysis and  Machine Intelligence (TPAMI)},
   author={Ren, Shaoqing and He, Kaiming and Girshick, Ross and Sun, Jian},
   year={2017},
}

% YOLOV1-CVPR'16
@inproceedings{redmon2016you,
  title={You only look once: Unified, real-time object detection},
  author={Redmon, Joseph and Divvala, Santosh and Girshick, Ross and Farhadi, Ali},
  booktitle={Proceedings of the IEEE/CVF Conference on Computer Vision and Pattern Recognition (CVPR)},
  year={2016}
}

% SSD-ECCV'16
@inproceedings{liu2016ssd,
  title={Ssd: Single shot multibox detector},
  author={Liu, Wei and Anguelov, Dragomir and Erhan, Dumitru and Szegedy, Christian and Reed, Scott and Fu, Cheng-Yang and Berg, Alexander C},
  booktitle={Proceedings of the European Conference on Computer Vision (ECCV)},
  year={2016},
}

% FCOS-ICCV'19
@inproceedings{tian2019fcos,
  title={Fcos: Fully convolutional one-stage object detection},
  author={Tian, Zhi and Shen, Chunhua and Chen, Hao and He, Tong},
  booktitle={Proceedings of the IEEE/CVF International Conference on Computer Vision (ICCV)},
  year={2019}
}

% Cascade R-CNN TPAMI'19
@article{Cai_2019,
   title={Cascade R-CNN: High Quality Object Detection and Instance Segmentation},
   journal={IEEE Transactions on Pattern Analysis and  Machine Intelligence (TPAMI)},
   author={Cai, Zhaowei and Vasconcelos, Nuno},
   year={2019},
}

% DoubleHead R-CNN CVPR'20
@inproceedings{wu2020rethinking,
  title={Rethinking classification and localization for object detection},
  author={Wu, Yue and Chen, Yinpeng and Yuan, Lu and Liu, Zicheng and Wang, Lijuan and Li, Hongzhi and Fu, Yun},
  booktitle={Proceedings of the IEEE/CVF Conference on Computer Vision and Pattern Recognition (CVPR)},
  year={2020}
}


% FSAF-CVPR'19
@inproceedings{zhu2019feature,
  title={Feature selective anchor-free module for single-shot object detection},
  author={Zhu, Chenchen and He, Yihui and Savvides, Marios},
  booktitle={Proceedings of the IEEE/CVF Conference on Computer Vision and Pattern Recognition (CVPR)},
  year={2019}
}

% Swin-ICCV'21
@inproceedings{liu2021swin,
  title={Swin transformer: Hierarchical vision transformer using shifted windows},
  author={Liu, Ze and Lin, Yutong and Cao, Yue and Hu, Han and Wei, Yixuan and Zhang, Zheng and Lin, Stephen and Guo, Baining},
  booktitle={Proceedings of the IEEE/CVF International Conference on Computer Vision (ICCV)},
  year={2021}
}

% COCO-ECCV'14
@inproceedings{lin2014microsoft,
  title={Microsoft coco: Common objects in context},
  author={Lin, Tsung-Yi and Maire, Michael and Belongie, Serge and Hays, James and Perona, Pietro and Ramanan, Deva and Doll{\'a}r, Piotr and Zitnick, C Lawrence},
  booktitle={Proceedings of the European Conference on Computer Vision (ECCV)},
  year={2014},
}

% PascalVOC-IJCV'10
@article{everingham2010pascal,
  title={The pascal visual object classes (voc) challenge},
  author={Everingham, Mark and Van Gool, Luc and Williams, Christopher KI and Winn, John and Zisserman, Andrew},
  journal={International journal of computer vision},
  year={2010},
}

% UNet-MICCAI'15
@inproceedings{ronneberger2015u,
  title={U-net: Convolutional networks for biomedical image segmentation},
  author={Ronneberger, Olaf and Fischer, Philipp and Brox, Thomas},
  booktitle={Proceedings of the Medical Image Computing and Computer-Assisted Intervention, 18th International Conference (MICCAI)},
  year={2015},
}

% FPN-CVPR'17
@inproceedings{lin2017feature,
  title={Feature pyramid networks for object detection},
  author={Lin, Tsung-Yi and Doll{\'a}r, Piotr and Girshick, Ross and He, Kaiming and Hariharan, Bharath and Belongie, Serge},
  booktitle={Proceedings of the IEEE/CVF Conference on Computer Vision and Pattern Recognition (CVPR)},
  year={2017}
}

% Polarization-ACMTOG'20
@article{baek2020image,
  title={Image-based acquisition and modeling of polarimetric reflectance.},
  author={Baek, Seung-Hwan and Zeltner, Tizian and Ku, Hyunjin and Hwang, Inseung and Tong, Xin and Jakob, Wenzel and Kim, Min H},
  journal={ACM Trans. on Graph.},
  year={2020}
}

% RetinaNet-ICCV'17
@inproceedings{lin2017focal,
  title={Focal loss for dense object detection},
  author={Lin, Tsung-Yi and Goyal, Priya and Girshick, Ross and He, Kaiming and Doll{\'a}r, Piotr},
  booktitle={Proceedings of the IEEE/CVF International Conference on Computer Vision (ICCV)},
  year={2017}
}

% ResNet-CVPR'16
@inproceedings{he2016deep,
  title={Deep residual learning for image recognition},
  author={He, Kaiming and Zhang, Xiangyu and Ren, Shaoqing and Sun, Jian},
  booktitle={Proceedings of the IEEE/CVF Conference on Computer Vision and Pattern Recognition (CVPR)},
  year={2016}
}

% VGG-ICLR'15
@article{simonyan2014very,
  title={Very deep convolutional networks for large-scale image recognition},
  author={Simonyan, Karen and Zisserman, Andrew},
  journal={arXiv},
  year={2014}
}

% NLPTransformer-NIPS'20
@inproceedings{zaheer2020big,
  title={Big bird: Transformers for longer sequences},
  author={Zaheer, Manzil and Guruganesh, Guru and Dubey, Kumar Avinava and Ainslie, Joshua and Alberti, Chris and Ontanon, Santiago and Pham, Philip and Ravula, Anirudh and Wang, Qifan and Yang, Li and others},
  booktitle={Proceedings of the Conference on Neural Information Processing Systems (NeurIPS)},
  year={2020}
}

% VisionTransformer-arXiv'20
@article{dosovitskiy2020image,
  title={An image is worth 16x16 words: Transformers for image recognition at scale},
  author={Dosovitskiy, Alexey and Beyer, Lucas and Kolesnikov, Alexander and Weissenborn, Dirk and Zhai, Xiaohua and Unterthiner, Thomas and Dehghani, Mostafa and Minderer, Matthias and Heigold, Georg and Gelly, Sylvain and others},
  journal={arXiv},
  year={2020}
}

% PolaRoad-ITSC'19
@inproceedings{blin2019road,
  title={Road scenes analysis in adverse weather conditions by polarization-encoded images and adapted deep learning},
  author={Blin, Rachel and Ainouz, Samia and Canu, St{\'e}phane and Meriaudeau, Fabrice},
  booktitle={ITSC},
  year={2019},
}

% Attention-NIPS'17
@article{vaswani2017attention,
  title={Attention is all you need},
  author={Vaswani, Ashish and Shazeer, Noam and Parmar, Niki and Uszkoreit, Jakob and Jones, Llion and Gomez, Aidan N and Kaiser, {\L}ukasz and Polosukhin, Illia},
  journal={Proceedings of the Conference on Neural Information Processing Systems (NeurIPS)},
  year={2017}
}

% HAFNet-RS'20
@article{zhang2020hybrid,
  title={A hybrid attention-aware fusion network (HAFNet) for building extraction from high-resolution imagery and LiDAR data},
  author={Zhang, Peng and Du, Peijun and Lin, Cong and Wang, Xin and Li, Erzhu and Xue, Zhaohui and Bai, Xuyu},
  journal={Remote Sensing},
  year={2020},
}

% PDNet-CVPR'21
@inproceedings{mei2021depth,
  title={Depth-aware mirror segmentation},
  author={Mei, Haiyang and Dong, Bo and Dong, Wen and Peers, Pieter and Yang, Xin and Zhang, Qiang and Wei, Xiaopeng},
  booktitle={Proceedings of the IEEE/CVF Conference on Computer Vision and Pattern Recognition},
  year={2021}
}

% DCFNet-CVPR'21
@inproceedings{ji2021calibrated,
  title={Calibrated RGB-D salient object detection},
  author={Ji, Wei and Li, Jingjing and Yu, Shuang and Zhang, Miao and Piao, Yongri and Yao, Shunyu and Bi, Qi and Ma, Kai and Zheng, Yefeng and Lu, Huchuan and others},
  booktitle={Proceedings of the IEEE/CVF Conference on Computer Vision and Pattern Recognition},
  year={2021}
}

% PGSNet-CVPR'22
@inproceedings{mei2022glass,
  title={Glass segmentation using intensity and spectral polarization cues},
  author={Mei, Haiyang and Dong, Bo and Dong, Wen and Yang, Jiaxi and Baek, Seung-Hwan and Heide, Felix and Peers, Pieter and Wei, Xiaopeng and Yang, Xin},
  booktitle={Proceedings of the IEEE/CVF Conference on Computer Vision and Pattern Recognition},
  year={2022}
}

% Pytorch-NIPS'19
@article{paszke2019pytorch,
  title={Pytorch: An imperative style, high-performance deep learning library},
  author={Paszke, Adam and Gross, Sam and Massa, Francisco and Lerer, Adam and Bradbury, James and Chanan, Gregory and Killeen, Trevor and Lin, Zeming and Gimelshein, Natalia and Antiga, Luca and others},
  journal={Proceedings of the Conference on Neural Information Processing Systems (NeurIPS)},
  year={2019}
}

% SGD
@article{amari1993backpropagation,
  title={Backpropagation and stochastic gradient descent method},
  author={Amari, Shun-ichi},
  journal={Neurocomputing},
  year={1993},
}

% R-CNN CVPR'14
@inproceedings{girshick2014rich,
  title={Rich feature hierarchies for accurate object detection and semantic segmentation},
  author={Girshick, Ross and Donahue, Jeff and Darrell, Trevor and Malik, Jitendra},
  booktitle={Proceedings of the IEEE conference on computer vision and pattern recognition},
  year={2014}
}

% RTM Det arXiv'23
@misc{lyu2022rtmdet,
    title={RTMDet: An Empirical Study of Designing Real-Time Object Detectors},
    author={Chengqi Lyu and Wenwei Zhang and Haian Huang and Yue Zhou and Yudong Wang and Yanyi Liu and Shilong Zhang and Kai Chen},
    year={2022},
    archivePrefix={arXiv},
}

% YOLOv8 2023
@Misc{ultralytics2023yolov8,
    howpublished = {\url{https://ultralytics.com/yolov8}},
    note = {Accessed April 23, 2023},
    title = {YOLOv8 - Ultraytics | Revolutionizing the World of Vision AI},
    author = {Glenn Jocher},
    year={2023}
}

% ZeroDCE CVPR'20
@inproceedings{guo2020zero,
  title={Zero-reference deep curve estimation for low-light image enhancement},
  author={Guo, Chunle and Li, Chongyi and Guo, Jichang and Loy, Chen Change and Hou, Junhui and Kwong, Sam and Cong, Runmin},
  booktitle={Proceedings of the IEEE/CVF Conference on Computer Vision and Pattern Recognition (CVPR)},
  year={2020}
}

% yolov3 arxiv'18
@misc{redmon2018yolov3,
    title={YOLOv3: An Incremental Improvement},
    author={Joseph Redmon and Ali Farhadi},
    year={2018},
    journal={arXiv}
}

% detic eccv'22
@inproceedings{zhou2022detecting,
  title={Detecting Twenty-thousand Classes using Image-level Supervision},
  author={Zhou, Xingyi and Girdhar, Rohit and Joulin, Armand and Kr{\"a}henb{\"u}hl, Philipp and Misra, Ishan},
  booktitle={Proceedings of the European Conference on Computer Vision (ECCV)},
  year={2022}
}

% atss' arxiv'19
@article{zhang2019bridging,
  title   =  {Bridging the Gap Between Anchor-based and Anchor-free Detection via Adaptive Training Sample Selection},
  author  =  {Zhang, Shifeng and Chi, Cheng and Yao, Yongqiang and Lei, Zhen and Li, Stan Z.},
  journal =  {arXiv},
  year    =  {2019}
}

% rgb based
@article{song2019vision,
  title={Vision-based vehicle detection and counting system using deep learning in highway scenes},
  author={Song, Huansheng and Liang, Haoxiang and Li, Huaiyu and Dai, Zhe and Yun, Xu},
  journal={European Transport Research Review},
  year={2019},
}

% rgb based
@ARTICLE{8668388,
  author={Wang, Hai and Yu, YIjie and Cai, Yingfeng and Chen, Xiaobo and Chen, Long and Liu, Qingchao},
  journal={IEEE Intelligent Transportation Systems Magazine}, 
  title={A Comparative Study of State-of-the-Art Deep Learning Algorithms for Vehicle Detection}, 
  year={2019},
}

% rgb based
@article{arora2022automatic,
  title={Automatic vehicle detection system in different environment conditions using fast R-CNN},
  author={Arora, Nitika and Kumar, Yogesh and Karkra, Rashmi and Kumar, Munish},
  journal={Multimedia Tools and Applications},
  year={2022},
}

% rgb based
@ARTICLE{9670465,
  author={Wang, Zhangu and Zhan, Jun and Duan, Chunguang and Guan, Xin and Lu, Pingping and Yang, Kai},
  journal={IEEE Transactions on Neural Networks and learning systems (TNNLS)}, 
  title={A Review of Vehicle Detection Techniques for Intelligent Vehicles}, 
  year={2022},
}

% lidar based
@InProceedings{Qian_2021_CVPR,
    author    = {Qian, Kun and Zhu, Shilin and Zhang, Xinyu and Li, Li Erran},
    title     = {Robust Multimodal Vehicle Detection in Foggy Weather Using Complementary Lidar and Radar Signals},
    booktitle = {Proceedings of the IEEE/CVF Conference on Computer Vision and Pattern Recognition (CVPR)},
    year      = {2021},
}

% lidar based
@article{wu2020vehicle,
  title={Vehicle detection under adverse weather from roadside LiDAR data},
  author={Wu, Jianqing and Xu, Hao and Tian, Yuan and Pi, Rendong and Yue, Rui},
  journal={Sensors},
  year={2020},
}

% lidar based
@article{chen2020pseudo,
  title={Pseudo-image and sparse points: Vehicle detection with 2D LiDAR revisited by deep learning-based methods},
  author={Chen, Guang and Wang, Fa and Qu, Sanqing and Chen, Kai and Yu, Junwei and Liu, Xiangyong and Xiong, Lu and Knoll, Alois},
  journal={IEEE Transactions on Intelligent Transportation Systems (TITS)},
  year={2020},
}

% infrared based
@article{du2021weak,
  title={Weak and occluded vehicle detection in complex infrared environment based on improved YOLOv4},
  author={Du, Shuangjiang and Zhang, Pin and Zhang, Baofu and Xu, Honghui},
  journal={IEEE Access},
  year={2021},
}

% infrared based
@article{sun2022drone,
  title={Drone-based RGB-infrared cross-modality vehicle detection via uncertainty-aware learning},
  author={Sun, Yiming and Cao, Bing and Zhu, Pengfei and Hu, Qinghua},
  journal={IEEE Transactions on Circuits and Systems for Video Technology (TCSVT)},
  year={2022},
}

% multimodal, radar
@ARTICLE{9693129,
  author={Roy, Debashri and Li, Yuanyuan and Jian, Tong and Tian, Peng and Roy Chowdhury, Kaushik and Ioannidis, Stratis},
  journal={IEEE Trans. on MM}, 
  title={Multi-modality Sensing and Data Fusion for Multi-vehicle Detection}, 
  year={2022},
}

% deep learning 
@ARTICLE{9184996,
  author={Hassaballah, M. and Kenk, Mourad A. and Muhammad, Khan and Minaee, Shervin},
  journal={IEEE Trans. on Intelligent Transportation Systems}, 
  title={Vehicle Detection and Tracking in Adverse Weather Using a Deep Learning Framework}, 
  year={2021},
}

% polarization
@inproceedings{kalra2020deep,
  title={Deep polarization cues for transparent object segmentation},
  author={Kalra, Agastya and Taamazyan, Vage and Rao, Supreeth Krishna and Venkataraman, Kartik and Raskar, Ramesh and Kadambi, Achuta},
  booktitle={Proceedings of the IEEE/CVF Conference on Computer Vision and Pattern Recognition (CVPR)},
  year={2020}
}

% reflection removal
@inproceedings{wieschollek2018separating,
  title={Separating reflection and transmission images in the wild},
  author={Wieschollek, Patrick and Gallo, Orazio and Gu, Jinwei and Kautz, Jan},
  booktitle={Proceedings of the European Conference on Computer Vision (ECCV)},
  year={2018}
}

% reflection removal
@inproceedings{lei2020polarized,
  title={Polarized reflection removal with perfect alignment in the wild},
  author={Lei, Chenyang and Huang, Xuhua and Zhang, Mengdi and Yan, Qiong and Sun, Wenxiu and Chen, Qifeng},
  booktitle={Proceedings of the IEEE/CVF Conference on Computer Vision and Pattern Recognition (CVPR)},
  year={2020}
}

% reflection removal
@inproceedings{li2020reflection,
  title={Reflection separation via multi-bounce polarization state tracing},
  author={Li, Rui and Qiu, Simeng and Zang, Guangming and Heidrich, Wolfgang},
  booktitle={Proceedings of the European Conference on Computer Vision (ECCV)},
  year={2020},
}

% surface reconstruction
@inproceedings{atkinson2005multi,
  title={Multi-view surface reconstruction using polarization},
  author={Atkinson, Gary A and Hancock, Edwin R},
  booktitle={Proceedings of the IEEE/CVF International Conference on Computer Vision (ICCV)},
  year={2005},
}

% surface reconstruction
@article{atkinson2006recovery,
  title={Recovery of surface orientation from diffuse polarization},
  author={Atkinson, Gary A and Hancock, Edwin R},
  journal={IEEE Transactions on Image Processing  (TIP)},
  year={2006},
}

% surface reconstruction
@article{atkinson2008two,
  title={Two-dimensional BRDF estimation from polarisation},
  author={Atkinson, Gary A and Hancock, Edwin R},
  journal={Computer Vision and Image Understanding},
  year={2008},
}

% surface reconstruction
@inproceedings{kadambi2015polarized,
  title={Polarized 3d: High-quality depth sensing with polarization cues},
  author={Kadambi, Achuta and Taamazyan, Vage and Shi, Boxin and Raskar, Ramesh},
  booktitle={Proceedings of the IEEE/CVF International Conference on Computer Vision (ICCV)},
  year={2015}
}

% semantic segmentation
@article{xiang2021polarization,
  title={Polarization-driven semantic segmentation via efficient attention-bridged fusion},
  author={Xiang, Kaite and Yang, Kailun and Wang, Kaiwei},
  journal={Optics Express},
  year={2021},
}

% ladar and camera
@inproceedings{ku2018joint,
  title={Joint 3d proposal generation and object detection from view aggregation},
  author={Ku, Jason and Mozifian, Melissa and Lee, Jungwook and Harakeh, Ali and Waslander, Steven L},
  booktitle={Proceedings of the IEEE\RSJ International Conference on Intelligent Robots and Systems (IROS)},
  year={2018},
}

% simple fusion
@inproceedings{blin2020new,
  title={A new multimodal RGB and polarimetric image dataset for road scenes analysis},
  author={Blin, Rachel and Ainouz, Samia and Canu, St{\'e}phane and Meriaudeau, Fabrice},
  booktitle={Proceedings of the IEEE/CVF Conference on Computer Vision and Pattern Recognition Workshop (CVPRW)},
  year={2020}
}

% simple fusion
@article{xu2017multi,
  title={Multi-modal deep feature learning for RGB-D object detection},
  author={Xu, Xiangyang and Li, Yuncheng and Wu, Gangshan and Luo, Jiebo},
  journal={Pattern Recognition},
  year={2017},
}

% simple fusion
@inproceedings{zhang2019exploration,
  title={Exploration of deep learning-based multimodal fusion for semantic road scene segmentation},
  author={Zhang, Yifei and Morel, Olivier and Blanchon, Marc and Seulin, Ralph and Rastgoo, Mojdeh and Sidib{\'e}, D{\'e}sir{\'e}},
  booktitle={VISAPP 2019 14Th international conference on computer vision theory and applications},
  year={2019}
}

% early fusion
@article{couprie2013indoor,
  title={Indoor semantic segmentation using depth information},
  author={Couprie, Camille and Farabet, Cl{\'e}ment and Najman, Laurent and LeCun, Yann},
  journal={arXiv},
  year={2013}
}

% early fusion
@inproceedings{hu2019acnet,
  title={Acnet: Attention based network to exploit complementary features for rgbd semantic segmentation},
  author={Hu, Xinxin and Yang, Kailun and Fei, Lei and Wang, Kaiwei},
  booktitle={Proceedings of the IEEE International Conference on Image  Processing (ICIP)},
  year={2019},
}

% early fusion
@article{sun2019rtfnet,
  title={Rtfnet: Rgb-thermal fusion network for semantic segmentation of urban scenes},
  author={Sun, Yuxiang and Zuo, Weixun and Liu, Ming},
  journal={IEEE Robotics and Automation Letters},
  year={2019},
}

% late fusion
@inproceedings{li2016lstm,
  title={Lstm-cf: Unifying context modeling and fusion with lstms for rgb-d scene labeling},
  author={Li, Zhen and Gan, Yukang and Liang, Xiaodan and Yu, Yizhou and Cheng, Hui and Lin, Liang},
  booktitle={Proceedings of the European Conference on Computer Vision (ECCV)},
  year={2016},
}

% late fusion
@inproceedings{valada2017deep,
  title={Deep multispectral semantic scene understanding of forested environments using multimodal fusion},
  author={Valada, Abhinav and Oliveira, Gabriel L and Brox, Thomas and Burgard, Wolfram},
  booktitle={International Symposium on Experimental Robotics},
  year={2017},
}

% late fusion
@inproceedings{valada2017adapnet,
  title={Adapnet: Adaptive semantic segmentation in adverse environmental conditions},
  author={Valada, Abhinav and Vertens, Johan and Dhall, Ankit and Burgard, Wolfram},
  booktitle={Proceedings of the IEEE International Conference on Robotics and Automation (ICRA)},
  year={2017},
}

% late fusion
@inproceedings{cheng2017locality,
  title={Locality-sensitive deconvolution networks with gated fusion for rgb-d indoor semantic segmentation},
  author={Cheng, Yanhua and Cai, Rui and Li, Zhiwei and Zhao, Xin and Huang, Kaiqi},
  booktitle={Proceedings of the IEEE/CVF Conference on Computer Vision and Pattern Recognition (CVPR)},
  year={2017}
}

% imagenet cvpr' 19
@inproceedings{imagenet_cvpr09,
    author = {Deng, J. and Dong, W. and Socher, R. and Li, L.-J. and Li, K. and Fei-Fei, L.},
    title = {ImageNet: A Large-Scale Hierarchical Image Database},
    booktitle = {Proceedings of the IEEE/CVF Conference on Computer Vision and Pattern Recognition (CVPR)},
    year = {2009},
}

% scp darknet '19
@inproceedings{wang2020cspnet,
  title={CSPNet: A new backbone that can enhance learning capability of CNN},
  author={Wang, Chien-Yao and Liao, Hong-Yuan Mark and Wu, Yueh-Hua and Chen, Ping-Yang and Hsieh, Jun-Wei and Yeh, I-Hau},
  booktitle={Proceedings of the IEEE/CVF Conference on Computer Vision and Pattern Recognition Workshop (CVPRW)},
  year={2020}
}

% multimodal detection
@article{bayoudh2021survey,
  title={A survey on deep multimodal learning for computer vision: advances, trends, applications, and datasets},
  author={Bayoudh, Khaled and Knani, Raja and Hamdaoui, Fay{\c{c}}al and Mtibaa, Abdellatif},
  journal={The Visual Computer},
  year={2021},
}

% multimodal detection
@article{espinosa2019vision,
  title={A vision-based approach for fall detection using multiple cameras and convolutional neural networks: A case study using the UP-Fall detection dataset},
  author={Espinosa, Ricardo and Ponce, Hiram and Guti{\'e}rrez, Sebasti{\'a}n and Mart{\'\i}nez-Villase{\~n}or, Lourdes and Brieva, Jorge and Moya-Albor, Ernesto},
  journal={Computers in biology and medicine},
  year={2019},
}

% multimodal detection
@inproceedings{caesar2020nuscenes,
  title={nuscenes: A multimodal dataset for autonomous driving},
  author={Caesar, Holger and Bankiti, Varun and Lang, Alex H and Vora, Sourabh and Liong, Venice Erin and Xu, Qiang and Krishnan, Anush and Pan, Yu and Baldan, Giancarlo and Beijbom, Oscar},
  booktitle={Proceedings of the IEEE/CVF conference on computer vision and pattern recognition (CVPR)},
  pages={11621--11631},
  year={2020}
}

% multimodal detection
@inproceedings{valverde2021there,
  title={There is more than meets the eye: Self-supervised multi-object detection and tracking with sound by distilling multimodal knowledge},
  author={Valverde, Francisco Rivera and Hurtado, Juana Valeria and Valada, Abhinav},
  booktitle={Proceedings of the IEEE/CVF Conference on Computer Vision and Pattern Recognition (CVPR)},
  year={2021}
}

% multimodal detection
@inproceedings{bijelic2020seeing,
  title={Seeing through fog without seeing fog: Deep multimodal sensor fusion in unseen adverse weather},
  author={Bijelic, Mario and Gruber, Tobias and Mannan, Fahim and Kraus, Florian and Ritter, Werner and Dietmayer, Klaus and Heide, Felix},
  booktitle={Proceedings of the IEEE/CVF Conference on Computer Vision and Pattern Recognition (CVPR)},
  year={2020}
}

% DAB DETR iclr'22
@inproceedings{liu2022dabdetr,
  title={{DAB}-{DETR}: Dynamic Anchor Boxes are Better Queries for {DETR}},
  author={Shilong Liu and Feng Li and Hao Zhang and Xiao Yang and Xianbiao Qi and Hang Su and Jun Zhu and Lei Zhang},
  booktitle={International Conference on Learning Representations (ICLR)},
  year={2022},
}

% additional for FCS
@article{zhang2022lidar,
  title={LIDAR: learning from imperfect demonstrations with advantage rectification},
  author={Zhang, Xiaoqin and Ma, Huimin and Luo, Xiong and Yuan, Jian},
  journal={Frontiers of Computer Science},
  volume={16},
  pages={1--10},
  year={2022},
  publisher={Springer}
}

% additional for FCS
@article{hu2023vehicle,
  title={Vehicle color recognition based on smooth modulation neural network with multi-scale feature fusion},
  author={Hu, Mingdi and Bai, Long and Fan, Jiulun and Zhao, Sirui and Chen, Enhong},
  journal={Frontiers of Computer Science},
  volume={17},
  number={3},
  pages={173321},
  year={2023},
  publisher={Springer}
}
