@article{olsen2012defining,
  title={On defining and computing communities},
  author={Olsen, Martin},
  journal={Proceedings of the Eighteenth Computing: The Australasian Theory Symposium},
  volume={128},
  pages={97--102},
  year={2012}
}

@article{bullinger2020pareto,
  title={Pareto-Optimality in Cardinal Hedonic Games},
  author={Bullinger, Martin},
  journal={Proceedings of the 19th International Conference on Autonomous Agents and Multi-Agent Systems},
  pages={213--221},
  year={2020}
}

@article{imber2021probabilistic,
  title={Probabilistic Inference of Winners in Elections by Independent Random Voters},
  author={Imber, Aviram and Kimelfeld, Benny},
  journal={Proceedings of the 20th International Conference on Autonomous Agents and Multi-Agent Systems},
  pages={647--655},
  year={2021}
}

@article{peters2016complexity,
  title={Complexity of hedonic games with dichotomous preferences},
  author={Peters, Dominik},
  journal={Proceedings of the AAAI Conference on Artificial Intelligence},
  volume={30},
  number={1},
  year={2016}
}

@article{elkind2015structure,
  title={Structure in dichotomous preferences},
  author={Elkind, Edith and Lackner, Martin},
  journal={Proceedings of the 24th International Conference on Artificial Intelligence, IJCAI'15},
  pages={2019--2025},
  year={2015}
}

@article{aziz2019fractional,
  title={Fractional hedonic games},
  author={Aziz, Haris and Brandl, Florian and Brandt, Felix and Harrenstein, Paul and Olsen, Martin and Peters, Dominik},
  journal={ACM Transactions on Economics and Computation (TEAC)},
  volume={7},
  number={2},
  pages={1--29},
  year={2019},
  publisher={ACM New York, NY, USA}
}

@article{erdos59random,
  author = {Erd\"{o}s, Paul and R\'{e}nyi, Alfr\'{e}d},
  journal = {Publicationes Mathematicae Debrecen},
  pages = {290--297},
  title = {On Random Graphs. I},
  volume = 6,
  year = 1959
}

@article{ballester2004np,
  title={NP-completeness in hedonic games},
  author={Ballester, Coralio},
  journal={Games and Economic Behavior},
  volume={49},
  number={1},
  pages={1--30},
  year={2004},
  publisher={Elsevier}
}

@article{karp1989monte,
  title={Monte-Carlo approximation algorithms for enumeration problems},
  author={Karp, Richard M and Luby, Michael and Madras, Neal},
  journal={Journal of algorithms},
  volume={10},
  number={3},
  pages={429--448},
  year={1989},
  publisher={Elsevier}
}

@inproceedings{koutsoupias1999worst,
  title={Worst-case equilibria},
  author={Koutsoupias, Elias and Papadimitriou, Christos},
  booktitle={Annual Symposium on Theoretical Aspects of Computer Science},
  pages={404--413},
  year={1999},
  organization={Springer}
}

@inproceedings{boehmer2020individual,
  title={Individual-based stability in hedonic diversity games},
  author={Boehmer, Niclas and Elkind, Edith},
  booktitle={Proceedings of the AAAI Conference on Artificial Intelligence},
  volume={34},
  number={02},
  pages={1822--1829},
  year={2020}
}

@article{dreze1980hedonic,
  title={Hedonic coalitions: Optimality and stability},
  author={Dreze, Jacques H and Greenberg, Joseph},
  journal={Econometrica},
  pages={987--1003},
  year={1980}
}

@inproceedings{aziz2016boolean,
  title={Boolean hedonic games},
  author={Aziz, Haris and Harrenstein, Paul and Lang, J{\'e}r{\^o}me and Wooldridge, Michael},
  booktitle={Proceedings of the 15th International Conference on Principles of Knowledge Representation and Reasoning},
  pages={166--175},
  year={2016}
}

@article{shin2019model,
  title={A model of pre-electoral coalition formation},
  author={Shin, Euncheol},
  journal={Games and Economic Behavior},
  volume={118},
  pages={463--485},
  year={2019},
  publisher={Elsevier}
}

@article{al2020measures,
  title={Measures to enhance the effectiveness of international climate agreements: The case of border carbon adjustments},
  author={Al Khourdajie, Alaa and Finus, Michael},
  journal={European Economic Review},
  volume={124},
  pages={103405},
  year={2020},
  publisher={Elsevier}
}

@inproceedings{woeginger2013core,
author="Woeginger, Gerhard J.",
title="Core Stability in Hedonic Coalition Formation",
booktitle="SOFSEM 2013: Theory and Practice of Computer Science",
year="2013",
publisher="Springer",
address="Berlin, Heidelberg",
pages="33--50"
}

@inbook{aziz_savani_moulin_2016, place={Cambridge}, title={Hedonic Games}, DOI={10.1017/CBO9781107446984.016}, booktitle={Handbook of Computational Social Choice}, publisher={Cambridge University Press}, author={Aziz, Haris and Savani, Rahul and Moulin, Hervé}, editor={Brandt, Felix and Conitzer, Vincent and Endriss, Ulle and Lang, Jérôme and Procaccia, Ariel D.Editors}, year={2016}, pages={356–376}}

@inproceedings{sliwinski2017learning,
  title={Learning Hedonic Games.},
  author={Sliwinski, Jakub and Zick, Yair},
  booktitle={IJCAI},
  pages={2730--2736},
  year={2017}
}

@inproceedings{igarashi2019forming,
  title={Forming probably stable communities with limited interactions},
  author={Igarashi, Ayumi and Sliwinski, Jakub and Zick, Yair},
  booktitle={Proceedings of the AAAI Conference on Artificial Intelligence},
  volume={33},
  number={01},
  pages={2053--2060},
  year={2019}
}

@inproceedings{jha2020learning,
  title={A learning framework for distribution-based game-theoretic solution concepts},
  author={Jha, Tushant and Zick, Yair},
  booktitle={Proceedings of the 21st ACM Conference on Economics and Computation},
  pages={355--377},
  year={2020}
}

@inproceedings{bachrach2011solving,
  title={Solving cooperative reliability games},
  author={Bachrach, Yoram and Meir, Reshef and Feldman, Michal and Tennenholtz, Moshe},
  booktitle={Proceedings of the Twenty-Seventh Conference on Uncertainty in Artificial Intelligence},
  pages={27--34},
  year={2011}
}

@inproceedings{balcan2015learning,
  title={Learning cooperative games},
  author={Balcan, Maria Florina and Procaccia, Ariel D and Zick, Yair},
  booktitle={Twenty-Fourth International Joint Conference on Artificial Intelligence},
  year={2015}
}

@inproceedings{bachrach2012agent,
  title={Agent failures in totally balanced games and convex games},
  author={Bachrach, Yoram and Kash, Ian and Shah, Nisarg},
  booktitle={International Workshop on Internet and Network Economics},
  pages={15--29},
  year={2012},
  organization={Springer}
}

@inproceedings{bachrach2013reliability,
  title={Reliability weighted voting games},
  author={Bachrach, Yoram and Shah, Nisarg},
  booktitle={International Symposium on Algorithmic Game Theory},
  pages={38--49},
  year={2013},
  organization={Springer}
}

@inproceedings{igarashi2019robustness,
  title     = {Robustness against Agent Failure in Hedonic Games},
  author    = {Igarashi, Ayumi and Ota, Kazunori and Sakurai, Yuko and Yokoo, Makoto},
  booktitle = {Proceedings of the Twenty-Eighth International Joint Conference on
               Artificial Intelligence, {IJCAI-19}},
  pages     = {364--370},
  year      = {2019}
}

@article{provan1983complexity,
  title={The complexity of counting cuts and of computing the probability that a graph is connected},
  author={Provan, J Scott and Ball, Michael O},
  journal={SIAM Journal on Computing},
  volume={12},
  number={4},
  pages={777--788},
  year={1983},
  publisher={SIAM}
}

@inproceedings{fedoruk2002improving,
  title={Improving fault-tolerance by replicating agents},
  author={Fedoruk, Alan and Deters, Ralph},
  booktitle={Proceedings of the first international joint conference on Autonomous agents and multiagent systems: part 2},
  pages={737--744},
  year={2002}
}

@inproceedings{brandt2020finding,
  title={Finding and Recognizing Popular Coalition Structures.},
  author={Brandt, Felix and Bullinger, Martin},
  booktitle={AAMAS},
  volume={20},
  pages={195--203},
  year={2020}
}

@inproceedings{karger1995randomized,
  title={A randomized fully polynomial time approximation scheme for the all terminal network reliability problem},
  author={Karger, David R},
  booktitle={Proceedings of the twenty-seventh annual ACM symposium on Theory of computing},
  pages={11--17},
  year={1995}
}

@inproceedings{elkind2016price,
  title={Price of Pareto optimality in hedonic games},
  author={Elkind, Edith and Fanelli, Angelo and Flammini, Michele},
  booktitle={Proceedings of the Thirtieth AAAI Conference on Artificial Intelligence},
  pages={475--481},
  year={2016}
}

@article{valiant1979complexity,
  title={The complexity of enumeration and reliability problems},
  author={Valiant, Leslie G},
  journal={SIAM Journal on Computing},
  volume={8},
  number={3},
  pages={410--421},
  year={1979},
  publisher={SIAM}
}

@article{davies2021approximately,
  title={Approximately counting independent sets of a given size in bounded-degree graphs},
  author={Davies, Ewan and Perkins, Will},
  journal={arXiv preprint arXiv:2102.04984},
  year={2021}
}

@article{szwarcfiter1994enumerating,
  title={Enumerating the kernels of a directed graph with no odd circuits},
  author={Szwarcfiter, Jayme L and Chaty, Guy},
  journal={Information Processing Letters},
  volume={51},
  number={3},
  pages={149--153},
  year={1994},
  publisher={Elsevier}
}

@article{gehrlein2001condorcet,
  title={Condorcet efficiency: A preference for indifference},
  author={Gehrlein, William V and Valognes, Fabrice},
  journal={Social Choice and Welfare},
  volume={18},
  number={1},
  pages={193--205},
  year={2001},
  publisher={Springer}
}

@article{johan1999astad,
  title={astad. Clique is hard to approximate within $n^{1-\varepsilon}$},
  author={Johan, H},
  journal={Acta Mathematica},
  volume={182},
  pages={105--142},
  year={1999}
}

@incollection{halldorsson2004approximations,
  title={Approximations of weighted independent set and hereditary subset problems},
  author={Halld{\'o}rsson, Magn{\'u}s M},
  booktitle={Graph Algorithms And Applications 2},
  pages={3--18},
  year={2004},
  publisher={World Scientific}
}

@article{downey1995fixed,
  title={Fixed-parameter tractability and completeness II: On completeness for W [1]},
  author={Downey, Rod G and Fellows, Michael R},
  journal={Theoretical Computer Science},
  volume={141},
  number={1-2},
  pages={109--131},
  year={1995},
  publisher={Elsevier}
}

@article{bartholdi1992hard,
  title={How hard is it to control an election?},
  author={Bartholdi, III and John, J and Tovey, Craig A and Trick, Michael A},
  journal={Mathematical and Computer Modelling},
  volume={16},
  number={8-9},
  pages={27--40},
  year={1992},
  publisher={Elsevier}
}

@article{flammini2021strategyproof,
  title={Strategyproof mechanisms for additively separable and fractional hedonic games},
  author={Flammini, Michele and Kodric, Bojana and Monaco, Gianpiero and Zhang, Qiang},
  journal={Journal of Artificial Intelligence Research},
  volume={70},
  pages={1253--1279},
  year={2021}
}

@article{hemaspaandra2007anyone,
  title={Anyone but him: The complexity of precluding an alternative},
  author={Hemaspaandra, Edith and Hemaspaandra, Lane A and Rothe, J{\"o}rg},
  journal={Artificial Intelligence},
  volume={171},
  number={5-6},
  pages={255--285},
  year={2007},
  publisher={Elsevier}
}

@inproceedings{wojtas2012possible,
  title={Possible winners in noisy elections},
  author={Wojtas, Krzysztof and Faliszewski, Piotr},
  booktitle={Twenty-Sixth AAAI Conference on Artificial Intelligence},
  year={2012}
}

@article{gardenfors1975match,
  title={Match making: assignments based on bilateral preferences},
  author={G{\"a}rdenfors, Peter},
  journal={Behavioral Science},
  volume={20},
  number={3},
  pages={166--173},
  year={1975},
  publisher={Wiley Online Library}
}

@article{aziz2013pareto,
  title={Pareto optimality in coalition formation},
  author={Aziz, Haris and Brandt, Felix and Harrenstein, Paul},
  journal={Games and Economic Behavior},
  volume={82},
  pages={562--581},
  year={2013},
  publisher={Elsevier}
}

@inproceedings{curticapean2013counting,
  title={Counting Matchings of Size k Is \#W[1]-Hard},
  author={Curticapean, Radu},
  booktitle={International Colloquium on Automata, Languages, and Programming},
  pages={352--363},
  year={2013},
  organization={Springer}
}

@article{gale2013college,
  title={College admissions and the stability of marriage},
  author={Gale, David and Shapley, Lloyd S},
  journal={The American Mathematical Monthly},
  volume={120},
  number={5},
  pages={386--391},
  year={2013},
  publisher={Taylor \& Francis}
}

@article{gale1962college,
 author = {D. Gale and L. S. Shapley},
 journal = {The American Mathematical Monthly},
 number = {1},
 pages = {9--15},
 publisher = {Mathematical Association of America},
 title = {College Admissions and the Stability of Marriage},
 volume = {69},
 year = {1962}
}

@book{gusfield1989stable,
  title={The stable marriage problem: structure and algorithms},
  author={Gusfield, Dan and Irving, Robert W},
  year={1989},
  publisher={MIT press}
}

@article{horton1993minimum,
  title={Minimum edge dominating sets},
  author={Horton, Joseph Douglas and Kilakos, Kyriakos},
  journal={SIAM Journal on Discrete Mathematics},
  volume={6},
  number={3},
  pages={375--387},
  year={1993},
  publisher={SIAM}
}

@inproceedings{aziz2013stable,
  title={Stable marriage and roommate problems with individual-based stability},
  author={Aziz, Haris},
  booktitle={Proceedings of the 2013 international conference on Autonomous agents and multi-agent systems},
  pages={287--294},
  year={2013}
}

@article{olsen2009nash,
  title={Nash stability in additively separable hedonic games and community structures},
  author={Olsen, Martin},
  journal={Theory of Computing Systems},
  volume={45},
  number={4},
  pages={917--925},
  year={2009},
  publisher={Springer}
}

@article{aziz2011individual,
  title={Individual-based stability in hedonic games depending on the best or worst players},
  author={Aziz, Haris and Harrenstein, Paul and Pyrga, Evangelia},
  journal={arXiv preprint arXiv:1105.1824},
  year={2011}
}

@inproceedings{aziz2012individual,
  title={Individual-based stability in hedonic games depending on the best or worst players},
  author={Aziz, Haris and Harrenstein, Paul and Pyrga, Evangelia},
  booktitle={Proceedings of the 11th International Conference on Autonomous Agents and Multiagent Systems-Volume 3},
  pages={1311--1312},
  year={2012}
}

@inproceedings{barrot2019stable,
  title     = {Stable and Envy-free Partitions in Hedonic Games},
  author    = {Barrot, Nathanaël and Yokoo, Makoto},
  booktitle = {Proceedings of the Twenty-Eighth International Joint Conference on
               Artificial Intelligence, {IJCAI-19}},
  publisher = {International Joint Conferences on Artificial Intelligence Organization},             
  pages     = {67--73},
  year      = {2019},
}

@article{brandt2022single,
  title={Single-Agent Dynamics in Additively Separable Hedonic Games},
  author={Brandt, Felix and Bullinger, Martin and Tappe, Leo},
  journal={Proceedings of the AAAI Conference on Artificial Intelligence},
  year={2022}
}

@article{curticapean2019fixed,
  title={A fixed-parameter perspective on \#BIS},
  author={Curticapean, Radu and Dell, Holger and Fomin, Fedor and Goldberg, Leslie Ann and Lapinskas, John},
  journal={Algorithmica},
  volume={81},
  number={10},
  pages={3844--3864},
  year={2019},
  publisher={Springer}
}

@inproceedings{vallee2014study,
  title={A study of sybil manipulations in hedonic games},
  author={Vall{\'e}e, Thibaut and Bonnet, Gr{\'e}gory and Zanuttini, Bruno and Bourdon, Fran{\c{c}}ois},
  booktitle={13th International Conference on Autonomous Agents and Multiagent Systems (AAMAS 2014)},
  pages={21--28},
  year={2014}
}

@misc{supplementary,
	title={Complexity of Probabilistic Inference in Random Dichotomous Hedonic Games -- Supplementary Material},
	author={Saar Cohen and Noa Agmon},
	year={2023},
	journal={In AAAI'23: Proceedings of the AAAI Conference on Artificial Intelligence},
	howpublished={\url{https://u.cs.biu.ac.il/~agmon/CohenAAAI23-Sup.pdf}}
}
