@article{perkins1992transfer,
  title={Transfer of learning},
  author={Perkins, David N and Salomon, Gavriel and others},
  journal={International encyclopedia of education},
  volume={2},
  pages={6452--6457},
  year={1992}
}

@article{weiss2016survey,
  title={A survey of transfer learning},
  author={Weiss, Karl and Khoshgoftaar, Taghi M and Wang, DingDing},
  journal={Journal of Big data},
  volume={3},
  number={1},
  pages={1--40},
  year={2016},
  publisher={SpringerOpen}
}

@inproceedings{chen2023algorithm,
  title={Algorithm-Dependent Bounds for Representation Learning of Multi-Source Domain Adaptation},
  author={Chen, Qi and Marchand, Mario},
  booktitle={International Conference on Artificial Intelligence and Statistics},
  pages={10368--10394},
  year={2023},
  organization={PMLR}
}

@inproceedings{shui2021aggregating,
  title={Aggregating from multiple target-shifted sources},
  author={Shui, Changjian and Li, Zijian and Li, Jiaqi and Gagn{\'e}, Christian and Ling, Charles X and Wang, Boyu},
  booktitle={International Conference on Machine Learning},
  pages={9638--9648},
  year={2021},
  organization={PMLR}
}

@article{zhuang2020comprehensive,
  title={A comprehensive survey on transfer learning},
  author={Zhuang, Fuzhen and Qi, Zhiyuan and Duan, Keyu and Xi, Dongbo and Zhu, Yongchun and Zhu, Hengshu and Xiong, Hui and He, Qing},
  journal={Proceedings of the IEEE},
  volume={109},
  number={1},
  pages={43--76},
  year={2020},
  publisher={IEEE}
}

@article{liu2022continual,
  title={Continual Transfer Learning for Cross-Domain Click-Through Rate Prediction at Taobao},
  author={Liu, Lixin and Wang, Yanling and Wang, Tianming and Guan, Dong and Wu, Jiawei and Chen, Jingxu and Xiao, Rong and Zhu, Wenxiang and Fang, Fei},
  journal={arXiv preprint arXiv:2208.05728},
  year={2022}
}

@inproceedings{gong2019graphonomy,
  title={Graphonomy: Universal human parsing via graph transfer learning},
  author={Gong, Ke and Gao, Yiming and Liang, Xiaodan and Shen, Xiaohui and Wang, Meng and Lin, Liang},
  booktitle={Proceedings of the IEEE/CVF Conference on Computer Vision and Pattern Recognition},
  pages={7450--7459},
  year={2019}
}

@inproceedings{xu2012multi,
  title={Multi-source transfer learning with multi-view adaboost},
  author={Xu, Zhijie and Sun, Shiliang},
  booktitle={Neural Information Processing: 19th International Conference, ICONIP 2012, Doha, Qatar, November 12-15, 2012, Proceedings, Part III 19},
  pages={332--339},
  year={2012},
  organization={Springer}
}

@article{fang2022source,
  title={Source-free unsupervised domain adaptation: A survey},
  author={Fang, Yuqi and Yap, Pew-Thian and Lin, Weili and Zhu, Hongtu and Liu, Mingxia},
  journal={arXiv preprint arXiv:2301.00265},
  year={2022}
}

@inproceedings{agostinelli2022transferability,
  title={Transferability metrics for selecting source model ensembles},
  author={Agostinelli, Andrea and Uijlings, Jasper and Mensink, Thomas and Ferrari, Vittorio},
  booktitle={Proceedings of the IEEE/CVF Conference on Computer Vision and Pattern Recognition},
  pages={7936--7946},
  year={2022}
}

@inproceedings{han2023discriminability,
  title={Discriminability and Transferability Estimation: A Bayesian Source Importance Estimation Approach for Multi-Source-Free Domain Adaptation},
  author={Han, Zhongyi and Zhang, Zhiyan and Wang, Fan and He, Rundong and Su, Wan and Xi, Xiaoming and Yin, Yilong},
  booktitle={Proceedings of the AAAI Conference on Artificial Intelligence},
  volume={37},
  number={6},
  pages={7811--7820},
  year={2023}
}

@article{wang2020generalizing,
  title={Generalizing from a few examples: A survey on few-shot learning},
  author={Wang, Yaqing and Yao, Quanming and Kwok, James T and Ni, Lionel M},
  journal={ACM computing surveys (csur)},
  volume={53},
  number={3},
  pages={1--34},
  year={2020},
  publisher={ACM New York, NY, USA}
}

@inproceedings{feng2021kd3a,
  title={KD3A: Unsupervised Multi-Source Decentralized Domain Adaptation via Knowledge Distillation.},
  author={Feng, Haozhe and You, Zhaoyang and Chen, Minghao and Zhang, Tianye and Zhu, Minfeng and Wu, Fei and Wu, Chao and Chen, Wei},
  booktitle={ICML},
  pages={3274--3283},
  year={2021}
}

@article{sun2015survey,
  title={A survey of multi-source domain adaptation},
  author={Sun, Shiliang and Shi, Honglei and Wu, Yuanbin},
  journal={Information Fusion},
  volume={24},
  pages={84--92},
  year={2015},
  publisher={Elsevier}
}

@inproceedings{yao2010boosting,
  title={Boosting for transfer learning with multiple sources},
  author={Yao, Yi and Doretto, Gianfranco},
  booktitle={2010 IEEE computer society conference on computer vision and pattern recognition},
  pages={1855--1862},
  year={2010},
  organization={IEEE}
}

@inproceedings{ahmed2021unsupervised,
  title={Unsupervised multi-source domain adaptation without access to source data},
  author={Ahmed, Sk Miraj and Raychaudhuri, Dripta S and Paul, Sujoy and Oymak, Samet and Roy-Chowdhury, Amit K},
  booktitle={Proceedings of the IEEE/CVF conference on computer vision and pattern recognition},
  pages={10103--10112},
  year={2021}
}

@article{dong2021confident,
  title={Confident anchor-induced multi-source free domain adaptation},
  author={Dong, Jiahua and Fang, Zhen and Liu, Anjin and Sun, Gan and Liu, Tongliang},
  journal={Advances in Neural Information Processing Systems},
  volume={34},
  pages={2848--2860},
  year={2021}
}

@article{lee2019learning,
  title={Learning new tricks from old dogs: Multi-source transfer learning from pre-trained networks},
  author={Lee, Joshua and Sattigeri, Prasanna and Wornell, Gregory},
  journal={Advances in neural information processing systems},
  volume={32},
  year={2019}
}

@inproceedings{huang2019information,
  title={An information theoretic interpretation to deep neural networks},
  author={Huang, Shao-Lun and Xu, Xiangxiang and Zheng, Lizhong and Wornell, Gregory W},
  booktitle={2019 IEEE international symposium on information theory (ISIT)},
  pages={1984--1988},
  year={2019},
  organization={IEEE}
}

@article{huang2019universal,
  title={On universal features for high-dimensional learning and inference},
  author={Huang, Shao-Lun and Makur, Anuran and Wornell, Gregory W and Zheng, Lizhong},
  journal={arXiv preprint arXiv:1911.09105},
  year={2019}
}

@inproceedings{hoffman2018cycada,
  title={Cycada: Cycle-consistent adversarial domain adaptation},
  author={Hoffman, Judy and Tzeng, Eric and Park, Taesung and Zhu, Jun-Yan and Isola, Phillip and Saenko, Kate and Efros, Alexei and Darrell, Trevor},
  booktitle={International conference on machine learning},
  pages={1989--1998},
  year={2018},
  organization={Pmlr}
}

@article{yang2023pick,
  title={Pick the Best Pre-trained Model: Towards Transferability Estimation for Medical Image Segmentation},
  author={Yang, Yuncheng and Wei, Meng and He, Junjun and Yang, Jie and Ye, Jin and Gu, Yun},
  journal={arXiv preprint arXiv:2307.11958},
  year={2023}
}

@inproceedings{gong2012geodesic,
  title={Geodesic flow kernel for unsupervised domain adaptation},
  author={Gong, Boqing and Shi, Yuan and Sha, Fei and Grauman, Kristen},
  booktitle={2012 IEEE conference on computer vision and pattern recognition},
  pages={2066--2073},
  year={2012},
  organization={IEEE}
}

@inproceedings{saenko2010adapting,
  title={Adapting visual category models to new domains},
  author={Saenko, Kate and Kulis, Brian and Fritz, Mario and Darrell, Trevor},
  booktitle={Computer Vision--ECCV 2010: 11th European Conference on Computer Vision, Heraklion, Crete, Greece, September 5-11, 2010, Proceedings, Part IV 11},
  pages={213--226},
  year={2010},
  organization={Springer}
}

@inproceedings{venkateswara2017deep,
  title={Deep hashing network for unsupervised domain adaptation},
  author={Venkateswara, Hemanth and Eusebio, Jose and Chakraborty, Shayok and Panchanathan, Sethuraman},
  booktitle={Proceedings of the IEEE conference on computer vision and pattern recognition},
  pages={5018--5027},
  year={2017}
}

@article{peng2017visda,
  title={Visda: The visual domain adaptation challenge},
  author={Peng, Xingchao and Usman, Ben and Kaushik, Neela and Hoffman, Judy and Wang, Dequan and Saenko, Kate},
  journal={arXiv preprint arXiv:1710.06924},
  year={2017}
}

@book{feller1991introduction,
  title={An introduction to probability theory and its applications, Volume 2},
  author={Feller, William},
  volume={81},
  year={1991},
  publisher={John Wiley \& Sons}
}

@article{sun2011two,
  title={A two-stage weighting framework for multi-source domain adaptation},
  author={Sun, Qian and Chattopadhyay, Rita and Panchanathan, Sethuraman and Ye, Jieping},
  journal={Advances in neural information processing systems},
  volume={24},
  year={2011}
}

@inproceedings{hirschfeld1935connection,
  title={A connection between correlation and contingency},
  author={Hirschfeld, Hermann O},
  booktitle={Mathematical Proceedings of the Cambridge Philosophical Society},
  volume={31},
  number={4},
  pages={520--524},
  year={1935},
  organization={Cambridge University Press}
}

@article{gebelein1941statistische,
  title={Das statistische Problem der Korrelation als Variations-und Eigenwertproblem und sein Zusammenhang mit der Ausgleichsrechnung},
  author={Gebelein, Hans},
  journal={ZAMM-Journal of Applied Mathematics and Mechanics/Zeitschrift f{\"u}r Angewandte Mathematik und Mechanik},
  volume={21},
  number={6},
  pages={364--379},
  year={1941},
  publisher={Wiley Online Library}
}

@article{renyi1959measures,
  title={On measures of dependence},
  author={R{\'e}nyi, Alfr{\'e}d},
  journal={Acta mathematica hungarica},
  volume={10},
  number={3-4},
  pages={441--451},
  year={1959},
  publisher={Akad{\'e}miai Kiad{\'o}, co-published with Springer Science+ Business Media BV~â€¦}
}

@inproceedings{ibrahim2022newer,
  title={Newer is not always better: Rethinking transferability metrics, their peculiarities, stability and performance},
  author={Ibrahim, Shibal and Ponomareva, Natalia and Mazumder, Rahul},
  booktitle={Joint European Conference on Machine Learning and Knowledge Discovery in Databases},
  pages={693--709},
  year={2022},
  organization={Springer}
}

@inproceedings{peng2019moment,
  title={Moment matching for multi-source domain adaptation},
  author={Peng, Xingchao and Bai, Qinxun and Xia, Xide and Huang, Zijun and Saenko, Kate and Wang, Bo},
  booktitle={Proceedings of the IEEE/CVF international conference on computer vision},
  pages={1406--1415},
  year={2019}
}

@inproceedings{bao2019information,
  title={An information-theoretic approach to transferability in task transfer learning},
  author={Bao, Yajie and Li, Yang and Huang, Shao-Lun and Zhang, Lin and Zheng, Lizhong and Zamir, Amir and Guibas, Leonidas},
  booktitle={2019 IEEE international conference on image processing (ICIP)},
  pages={2309--2313},
  year={2019},
  organization={IEEE}
}

@article{huang2012boosting,
  title={Boosting for transfer learning from multiple data sources},
  author={Huang, Pipei and Wang, Gang and Qin, Shiyin},
  journal={Pattern Recognition Letters},
  volume={33},
  number={5},
  pages={568--579},
  year={2012},
  publisher={Elsevier}
}

@inproceedings{fang2019adapted,
  title={Adapted tree boosting for transfer learning},
  author={Fang, Wenjing and Chen, Chaochao and Song, Bowen and Wang, Li and Zhou, Jun and Zhu, Kenny Q},
  booktitle={2019 IEEE International Conference on Big Data (Big Data)},
  pages={741--750},
  year={2019},
  organization={IEEE}
}

@article{christodoulidis2016multisource,
  title={Multisource transfer learning with convolutional neural networks for lung pattern analysis},
  author={Christodoulidis, Stergios and Anthimopoulos, Marios and Ebner, Lukas and Christe, Andreas and Mougiakakou, Stavroula},
  journal={IEEE journal of biomedical and health informatics},
  volume={21},
  number={1},
  pages={76--84},
  year={2016},
  publisher={IEEE}
}

@article{crammer2008learning,
  title={Learning from Multiple Sources.},
  author={Crammer, Koby and Kearns, Michael and Wortman, Jennifer},
  journal={Journal of Machine Learning Research},
  volume={9},
  number={8},
  year={2008}
}

@article{mansour2008domain,
  title={Domain adaptation with multiple sources},
  author={Mansour, Yishay and Mohri, Mehryar and Rostamizadeh, Afshin},
  journal={Advances in neural information processing systems},
  volume={21},
  year={2008}
}

@article{ben2010theory,
  title={A theory of learning from different domains},
  author={Ben-David, Shai and Blitzer, John and Crammer, Koby and Kulesza, Alex and Pereira, Fernando and Vaughan, Jennifer Wortman},
  journal={Machine learning},
  volume={79},
  pages={151--175},
  year={2010},
  publisher={Springer}
}

@article{tong2021mathematical,
  title={A mathematical framework for quantifying transferability in multi-source transfer learning},
  author={Tong, Xinyi and Xu, Xiangxiang and Huang, Shao-Lun and Zheng, Lizhong},
  journal={Advances in Neural Information Processing Systems},
  volume={34},
  pages={26103--26116},
  year={2021}
}

@inproceedings{li2022source,
  title={Source-free multi-domain adaptation with generally auxiliary model training},
  author={Li, Keqiuyin and Lu, Jie and Zuo, Hua and Zhang, Guangquan},
  booktitle={2022 International Joint Conference on Neural Networks (IJCNN)},
  pages={1--8},
  year={2022},
  organization={IEEE}
}

@article{xu2020maximal,
  title={Maximal correlation regression},
  author={Xu, Xiangxiang and Huang, Shao-Lun},
  journal={IEEE Access},
  volume={8},
  pages={26591--26601},
  year={2020},
  publisher={IEEE}
}

