
@inproceedings{Sun21hvgnn,
  author    = {Li Sun and
               Zhongbao Zhang and
               Jiawei Zhang and
               Feiyang Wang and
               Hao Peng and
               Sen Su and
               Philip S. Yu},
  title     = {Hyperbolic Variational Graph Neural Network for Modeling Dynamic Graphs},
  booktitle = {Proceedings of AAAI},
  pages     = {4375--4383},
  year      = {2021}
}

@inproceedings{Sun20jointAlign,
  author    = {Li Sun and
               Zhongbao Zhang and
               Jiawei Zhang and
               Feiyang Wang and
               Yang Du and
               Sen Su and
               Philip S. Yu},
  title     = {Perfect: {A} Hyperbolic Embedding for Joint User and Community Alignment},
  booktitle = {Proceedings of ICDM},
  pages     = {501--510},
  year      = {2020},
}

@inproceedings{Wang0Z20,
  author    = {Feiyang Wang and
               Li Sun and
               Zhongbao Zhang},
  title     = {Hyperbolic User Identity Linkage across Social Networks},
  booktitle = {Proceedings of GLOBECOM}, 
  pages     = {1--6},
  year      = {2020},
}

@inproceedings{fuxc2020icdm,
  author    = {Xingcheng Fu and
               Jianxin Li and
               Jia Wu and
               Qingyun Sun and
               Cheng Ji and
               Senzhang Wang and
               Jiajun Tan and
               Hao Peng and
               Philip S. Yu},
  title     = {{ACE-HGNN:} Adaptive Curvature Exploration Hyperbolic Graph Neural
               Network},
  booktitle = {Proceedings of ICDM},
  year      = {2021},
}

@inproceedings{DouL0DPY20,
  author    = {Yingtong Dou and
               Zhiwei Liu and
               Li Sun and
               Yutong Deng and
               Hao Peng and
               Philip S. Yu},
  title     = {Enhancing Graph Neural Network-based Fraud Detectors against Camouflaged
               Fraudsters},
  booktitle = {Proceedings of CIKM},
  pages     = {315--324},
  year      = {2020},
}

@article{pengh2021tois,
  author    = {Hao Peng and
               Ruitong Zhang and
               Yingtong Dou and
               Renyu Yang and
               Jingyi Zhang and
               Philip S. Yu},
  title     = {Reinforced Neighborhood Selection Guided Multi-Relational Graph Neural
               Networks},
  journal   = {ACM Trans. on Information Systems,
  pages     = {1--45},
  year      = {2021},
}


@article{DBLP:journals/corr/abs-2006-08218,
  author    = {Xiao Liu and
               Fanjin Zhang and
               Zhenyu Hou and
               Zhaoyu Wang and
               Li Mian and
               Jing Zhang and
               Jie Tang},
  title     = {Self-supervised Learning: Generative or Contrastive},
  journal   = {IEEE Trans. on Knowledge and Data Engineering },
pages     = {1--24},
  year      = {2021},
}


@inproceedings{LiHW18,
  author    = {Qimai Li and
               Zhichao Han and
               Xiao{-}Ming Wu},
  title     = {Deeper Insights Into Graph Convolutional Networks for Semi-Supervised
               Learning},
  booktitle = {Proceedings of AAAI},
  pages     = {3538--3545},
  year      = {2018},
}

@article{abs-1807-03748,
  author    = {A{\"{a}}ron van den Oord and
               Yazhe Li and
               Oriol Vinyals},
  title     = {Representation Learning with Contrastive Predictive Coding},
  journal   = {arXiv: 1807.03748},
  pages     = {1--13},
  year      = {2018},
}


@inproceedings{KlicperaWG19,
  author    = {Johannes Klicpera and
               Stefan Wei{\ss} enberger and
               Stephan G{\"{u}}nnemann},
  title     = {Diffusion Improves Graph Learning},
  booktitle = {Advances in NIPS},
  pages     = {13333--13345},
  year      = {2019},
}

@inproceedings{pmlr-v139-xu21g,
  title = 	 {Self-supervised Graph-level Representation Learning with Local and Global Structure},
  author =       {Xu, Minghao and Wang, Hang and Ni, Bingbing and Guo, Hongyu and Tang, Jian},
  booktitle = 	 {Proceedings of ICML},
  pages = 	 {11548--11558},
  year = 	 {2021},
  volume = 	 {139},
}

@inproceedings{BrunaZSL13,
  author    = {Joan Bruna and
               Wojciech Zaremba and
               Arthur Szlam and
               Yann LeCun},
  title     = {Spectral Networks and Locally Connected Networks on Graphs},
  booktitle = {Proceedings of the ICLR},
    pages     = {1--5},
  year      = {2014},
}

@article{WuPCLZY21,
  author    = {Zonghan Wu and
               Shirui Pan and
               Fengwen Chen and
               Guodong Long and
               Chengqi Zhang and
               Philip S. Yu},
  title     = {A Comprehensive Survey on Graph Neural Networks},
  journal   = {EEE Trans. on Neural Networks Learning System},
  volume    = {32},
  number    = {1},
  pages     = {4--24},
  year      = {2021},
}

@inproceedings{2020Learning,
  title={Learning Signed Network Embedding via Graph Attention},
  author={ Li, Yu  and  Tian, Yuan  and  Zhang, Jiawei  and  Chang, Yi },
  booktitle={Proceedings of the AAAI},
  pages={4772-4779},
  year={2020},
}

@article{2019Hierarchical,
  title={Hierarchical Taxonomy-Aware and Attentional Graph Capsule RCNNs for Large-Scale Multi-Label Text Classification},
  author={ Peng, Hao  and  Li, Jianxin  and  Gong, Qiran  and  Wang, Senzhang  and  He, Lifang  and  Li, Bo  and  Wang, Lihong  and  Yu, Philip S. },
  journal={IEEE Trans. on Knowledge and Data Engineering},
  year={2019},
}


@inproceedings{sun2018ijcai,
  title     = {MASTER: across Multiple social networks, integrate Attribute and STructure Embedding for Reconciliation},
  author    = {Sen Su and Li Sun and Zhongbao Zhang and Gen Li and Jielun Qu},
  booktitle = {Proceedings of IJCAI},          
  pages     = {3863--3869},
  year      = {2018}
}

@inproceedings{sun2020perfect,
  title={PERFECT: A Hyperbolic Embedding for Joint Social Network Alignment},
  author={Sun, Li and Zhang, Zhongbao and Zhang, Jiawei and Wang, Feiyang and Du, Yang and Su, Sen and Yu, Philip S.},
  booktitle={Proceedings of ICDM},
  year={2020}
}

@inproceedings{sun2019dna,
  title={DNA: Dynamic Social Network Alignment},
  author={Sun, Li and Zhang, Zhongbao and Ji, Pengxin and Wen, Jian and Su, Sen and Yu, Philip S.},
  booktitle={Proceedings of IEEE BigData},
 pages     = {1124--1231},
  year={2019}
}

@article{2020A,
  title={A Fast Adaptive k-means with No Bounds},
  author={ Xia, Shuyin  and  Peng, Daowan  and  Meng, Deyu  and  Zhang, Changqing  and  Chen, Zizhong },
  journal={IEEE Trans. on Pattern Analysis and Machine Intelligence},
  volume={PP},
  number={99},
  pages={1-1},
  year={2020},
}

@book{2010Measure,
  title={Measure Theory},
  author={ Bogachev, V. I. },
  publisher={Higher Education Press},
  year={2010},
}


@article{chen2013hyperbolicity,
  title={On the hyperbolicity of small-world and treelike random graphs},
  author={Chen, Wei and Fang, Wenjie and Hu, Guangda and Mahoney, Michael W},
  journal={Internet Mathematics},
  volume={9},
  number={4},
  pages={434--491},
  year={2013},
  publisher={Taylor \& Francis}
}

@inproceedings{2014Auto,
  title={Auto-Encoding Variational Bayes},
  author={ Kingma, Diederik P  and  Welling, Max },
  booktitle={Proceedings of ICLR},
  year={2014},
}

@book{Spivak1979, 
author ={Spivak, Michael },
year={1979}, 
title={A comprehensive introduction to differential geometry}
} 

@book{Hopper2010, 
author ={Hopper, Christopher  and Andrews, Ben },
year={2010}, 
title={The Ricci flow in Riemannian geometry}, 
publisher ={Springer} 
} 

@inproceedings{rahimi2007random,
title={Random Features for Large-Scale Kernel Machines},
author={Rahimi, Ali and Recht, Benjamin},
booktitle={Advances in NeurIPS},
pages={1177--1184},
year={2007}
}

@article{krioukov2010hyperbolic,
  title={Hyperbolic geometry of complex networks},
  author={Krioukov, Dmitri and Papadopoulos, Fragkiskos and Kitsak, Maksim and Vahdat, Amin and Bogun{\'a}, Mari{\'a}n},
  journal={Physical Review E},
  volume={82},
  number={3},
  pages={036106},
  year={2010}
}

   

@article{papadopoulos2012popularity,
  title={Popularity versus similarity in growing networks},
  author={Papadopoulos, Fragkiskos and Kitsak, Maksim and Serrano, M {\'A}ngeles and Bogun{\'a}, Mari{\'a}n and Krioukov, Dmitri},
  journal={Nature},
  volume={489},
  number={7417},
  pages={537},
  year={2012}
}

@article{bonnabel2013stochastic,
  title={Stochastic gradient descent on Riemannian manifolds},
  author={Bonnabel, Silvere},
  journal={IEEE Trans. on Automatic Control},
  volume={58},
  number={9},
  pages={2217--2229},
  year={2013}
}

@inproceedings{nickel2017poincare,
	title={Poincar{\'e} embeddings for learning hierarchical representations},
	author={Nickel, Maximillian and Kiela, Douwe},
	booktitle={Advances in NeurIPS},
	pages={6338--6347},
	year={2017}
}

@inproceedings{nickel2018lorentz,
	title={Learning Continuous Hierarchies in the {L}orentz Model of Hyperbolic Geometry},
	author={Nickel, Maximillian and Kiela, Douwe},
	booktitle={Proceedings of ICML},
	pages={3779--3788},
	year={2018}
}

@inproceedings{HNN,
  title={Hyperbolic neural networks},
  author={Ganea, Octavian and B{\'e}cigneul, Gary and Hofmann, Thomas},
  booktitle={Advances in NeurIPS},
  pages={5345--5355},
  year={2018}
}

@inproceedings{HGNN,
	title={Hyperbolic graph neural networks},
	author={Liu, Qi and Nickel, Maximilian and Kiela, Douwe},
	booktitle={Advances in NeurIPS},
	pages={8228--8239},
	year={2019}
}

@inproceedings{HGCN,
	title={Hyperbolic graph convolutional neural networks},
	author={Chami, Ines and Ying, Zhitao and R{\'e}, Christopher and Leskovec, Jure},
	booktitle={Advances in NeurIPS},
	pages={4869--4880},
	year={2019}
}

@inproceedings{HAN,
	title={Hyperbolic Attention Networks},
	author={Caglar Gulcehre and Misha Denil and Mateusz Malinowski and Ali Razavi and Razvan Pascanu and Karl Moritz Hermann and Peter Battaglia and Victor Bapst and David Raposo and Adam Santoro and Nando de Freitas},
	booktitle={Proceedings of ICLR},
	year={2019},
}

@inproceedings{balazevic2019multi,
	title={Multi-relational Poincar{\'e} graph embeddings},
	author={Balazevic, Ivana and Allen, Carl and Hospedales, Timothy},
	booktitle={Advances in NeurIPS},
	pages={4465--4475},
	year={2019}
}

@inproceedings{yu2019numerically,
	title={Numerically Accurate Hyperbolic Embeddings Using Tiling-Based Models},
	author={Yu, Tao and De Sa, Christopher M},
	booktitle={Advances in NeurIPS},
	pages={2021--2031},
	year={2019}
}

@inproceedings{mathieu2019continuous,
	title={Continuous Hierarchical Representations with Poincar{\'e} Variational Auto-Encoders},
	author={Mathieu, Emile and Le Lan, Charline and Maddison, Chris J and Tomioka, Ryota and Teh, Yee Whye},
	booktitle={Advances in NeurIPS},
	pages={12544--12555},
	year={2019}
}

@inproceedings{monath2019gradient,
	title={Gradient-based Hierarchical Clustering using Continuous Representations of Trees in Hyperbolic Space},
	author={Monath, Nicholas and Zaheer, Manzil and Silva, Daniel and McCallum, Andrew and Ahmed, Amr},
	booktitle={Proceedings of KDD},
	pages={714--722},
	year={2019}
}

@inproceedings{wang2019hyperbolic,
	title={Hyperbolic heterogeneous information network embedding},
	author={Wang, Xiao and Zhang, Yiding and Shi, Chuan},
	booktitle={Proceedings of AAAI},
	volume={33},
	pages={5337--5344},
	year={2019}
}

@article{chen2019hyperbolic,
	title={Hyperbolic interaction model for hierarchical multi-label classification},
	author={Chen, Boli and Huang, Xin and Xiao, Lin and Cai, Zixin and Jing, Liping},
	journal={arXiv preprint arXiv:1905.10802},
	year={2020}
}

@inproceedings{tifrea2018poincare,
	title={Poincare Glove: Hyperbolic Word Embeddings},
	author={Alexandru Tifrea and Gary Becigneul and Octavian-Eugen Ganea},
	booktitle={Proceedings of ICLR},
	year={2019}
}

@inproceedings{ma2018quasihyperbolic,
	title={Quasi-hyperbolic momentum and Adam for deep learning},
	author={Jerry Ma and Denis Yarats},
	booktitle={Proceedings of ICLR},
	year={2019}
}

@inproceedings{ganea2018hyperbolic,
	title={Hyperbolic Entailment Cones for Learning Hierarchical Embeddings},
	author={Ganea, Octavian and Becigneul, Gary and Hofmann, Thomas},
	booktitle={Proceedings of ICML},
	pages={1646--1655},
	year={2018}
}

@inproceedings{sala2018representation,
	title={Representation Tradeoffs for Hyperbolic Embeddings},
	author={Sala, Frederic and De Sa, Chris and Gu, Albert and Re, Christopher},
	booktitle={Proceedings of ICML},
	pages={4460--4469},
	year={2018}
}

@inproceedings{suzuki2019hyperbolic,
	title={Hyperbolic Disk Embeddings for Directed Acyclic Graphs},
	author={Suzuki, Ryota and Takahama, Ryusuke and Onoda, Shun},
	booktitle={Proceedings of ICML},
	pages={6066--6075},
	year={2019}
}

@inproceedings{law2019lorentzian,
	title={Lorentzian Distance Learning for Hyperbolic Representations},
	author={Law, Marc and Liao, Renjie and Snell, Jake and Zemel, Richard},
	booktitle={Proceedings of ICML},
	pages={3672--3681},
	year={2019}
}

@inproceedings{nagano2019wrapped,
	title={A wrapped normal distribution on hyperbolic space for gradient-based learning},
	author={Nagano, Yoshihiro and Yamaguchi, Shoichiro and Fujita, Yasuhiro and Koyama, Masanori},
	booktitle={Proceedings of ICML},
	pages={4693--4702},
	year={2019}
}

@inproceedings{xu2019learning,
	title={Learning Image-Specific Attributes by Hyperbolic Neighborhood Graph Propagation},
	author={Xu, Xiaofeng and Tsang, Ivor W. and Cao, Xiaofeng and Zhang, Ruiheng and Liu, Chuancai},
	booktitle={Proceedings of IJCAI} ,         
	pages={3989--3995},
	year={2019},
	month={7}
}

@inproceedings{tay2018hyperbolic,
	title={Hyperbolic representation learning for fast and efficient neural question answering},
	author={Tay, Yi and Tuan, Luu Anh and Hui, Siu Cheung},
	booktitle={Proceedings of WSDM},
	pages={583--591},
	year={2018}
}

@inproceedings{tran2018hyperml,
	title = {HyperML: A Boosting Metric Learning Approach in Hyperbolic Space for Recommender Systems},
	author = {Vinh Tran, Lucas and Tay, Yi and Zhang, Shuai and Cong, Gao and Li, Xiaoli},
	year = {2020},
	booktitle = {Proceedings of WSDM},
	pages = {609–617}
}

@inproceedings{aly2019every,
	title={Every child should have parents: a taxonomy refinement algorithm based on hyperbolic term embeddings},
	author={Aly, Rami and Acharya, Shantanu and Ossa, Alexander and K{\"o}hn, Arne and Biemann, Chris and Panchenko, Alexander},
	booktitle={Proceedings of ACL},
	pages={4811--4817},
	year={2019}
}

@inproceedings{lopez2019fine,
	title={Fine-Grained Entity Typing in Hyperbolic Space},
	author={L{\'o}pez, Federico and Heinzerling, Benjamin and Strube, Michael},
	booktitle={Proceedings of ACL},
	pages={169--180},
	month={jul},
	year={2019}
}

@inproceedings{le2019inferring,
	title={Inferring concept hierarchies from text corpora via hyperbolic embeddings},
	author={Le, Matt and Roller, Stephen and Papaxanthos, Laetitia and Kiela, Douwe and Nickel, Maximilian},
	booktitle={Proceedings of ACL},
	pages={3231--3241},
	year={2019}
}


@article{cui2018survey,
	title={A survey on network embedding},
	author={Cui, Peng and Wang, Xiao and Pei, Jian and Zhu, Wenwu},
	journal={IEEE Trans. on Knowledge and Data Engineering},
	volume={31},
	number={5},
	pages={833--852},
	year={2018},
	publisher={IEEE}
}

@article{zhang2018survey,
	title={Network representation learning: A survey},
	author={Zhang, Daokun and Yin, Jie and Zhu, Xingquan and Zhang, Chengqi},
	journal={IEEE Trans. on Big Data},
	year={2018},
	publisher={IEEE}
}


@inproceedings{node2vec,
	title={node2vec: Scalable feature learning for networks},
	author={Grover, Aditya and Leskovec, Jure},
	booktitle={Proceedings of KDD},
	pages={855--864},
	year={2016}
}

@inproceedings{DeepWalk,
	title={Deepwalk: Online learning of social representations},
	author={Perozzi, Bryan and Al-Rfou, Rami and Skiena, Steven},
	booktitle={Proceedings of KDD},
	pages={701--710},
	year={2014}
}

@inproceedings{tang2015line,
	title={Line: Large-scale information network embedding},
	author={Tang, Jian and Qu, Meng and Wang, Mingzhe and Zhang, Ming and Yan, Jun and Mei, Qiaozhu},
	booktitle={Proceedings of WWW},
	pages={1067--1077},
	year={2015}
}

@inproceedings{pan2018adversarially,
	title={Adversarially regularized graph autoencoder for graph embedding},
	author={Pan, Shirui and Hu, Ruiqi and Long, Guodong and Jiang, Jing and Yao, Lina and Zhang, Chengqi},
	booktitle={Proceedings of IJCAI},
	pages={2609--2615},
	year={2018},
	month={7}
}

@inproceedings{tu2018deep,
	title={Deep recursive network embedding with regular equivalence},
	author={Tu, Ke and Cui, Peng and Wang, Xiao and Yu, Philip S and Zhu, Wenwu},
	booktitle={Proceedings of KDD},
	pages={2357--2366},
	year={2018}
}

@inproceedings{zhu2018dvne,
	title={Deep variational network embedding in Wasserstein space},
	author={Zhu, Dingyuan and Cui, Peng and Wang, Daixin and Zhu, Wenwu},
	booktitle={Proceedings of KDD},
	pages={2827–2836},
	year={2018}
}


@inproceedings{huang2017label,
	title={Label informed attributed network embedding},
	author={Huang, Xiao and Li, Jundong and Hu, Xia},
	booktitle={Proceedings of WSDM},
	pages={731--739},
	year={2017}
}


@inproceedings{wang2017community,
	title={Community preserving network embedding},
	author={Wang, Xiao and Cui, Peng and Wang, Jing and Pei, Jian and Zhu, Wenwu and Yang, Shiqiang},
	booktitle={Proceedings of  AAAI},
	year={2017}
}

@inproceedings{wang2016structural,
	title={Structural deep network embedding},
	author={Wang, Daixin and Cui, Peng and Zhu, Wenwu},
	booktitle={Proceedings of KDD},
	pages={1225--1234},
	year={2016}
}


@inproceedings{ma2019Disentangled,
  title={Disentangled Graph Convolutional Networks},
  author={Ma, Jianxin  and  Cui, Peng  and Kuang, Kun  and Wang, Xin  and Zhu, Wenwu },
  booktitle={Proceedings of ICML},
  pages={4212--4221},
  year={2019}
}

@inproceedings{cao2016deep,
	title={Deep neural networks for learning graph representations},
	author={Cao, Shaosheng and Lu, Wei and Xu, Qiongkai},
	booktitle={Proceedings of  AAAI},
	year={2016}
}

@inproceedings{zhou2018dynamic,
	title={Dynamic network embedding by modeling triadic closure process},
	author={Zhou, Lekui and Yang, Yang and Ren, Xiang and Wu, Fei and Zhuang, Yueting},
	booktitle={Proceedings of  AAAI},
	pages={571--578},
	year={2018}
}

@inproceedings{velickovic2018graph,
  title={Graph Attention Networks},
  author={Veli{\v{c}}kovi{\'{c}}, Petar and Cucurull, Guillem and Casanova, Arantxa and Romero, Adriana and Li{\`{o}}, Pietro and Bengio, Yoshua},
  booktitle={Proceedings of  ICLR},
  year={2018},
}

@inproceedings{pareja2019evolvegcn,
  title={Evolvegcn: Evolving graph convolutional networks for dynamic graphs},
  author={Pareja, Aldo and Domeniconi, Giacomo and Chen, Jie and Ma, Tengfei and Suzumura, Toyotaro and Kanezashi, Hiroki and Kaler, Tim and Leisersen, Charles E},
  booktitle={Proceedings of  AAAI},
  year={2020}
}

@inproceedings{liu2020fine,
  title={Towards Fine-grained Temporal Network Representation via Time-Reinforced Random Walk },
  author={Zhining Liu and Dawei Zhou and Yada Zhu and Jinjie Gu and Jingrui He},
  booktitle={Proceedings of  AAAI},
   pages={4973--4980},
  year={2020}
}


@inproceedings{Xu2020inductive,
  title={Inductive representation learning on temporal graphs},
  author={Xu, Da  and Ruan, Chuanwei  and Korpeoglu, Evren  and Kumar, Sushant  and Achan, Kannan },
  booktitle={Proceedings of ICLR},
  year={2020}
}

@inproceedings{hamilton2017inductive,
  title={Inductive representation learning on large graphs},
  author={Hamilton, Will and Ying, Zhitao and Leskovec, Jure},
  booktitle={Advances in NeurIPS},
  pages={1024--1034},
  year={2017}
}

@inproceedings{kipf2016semi,
  title={Semi-supervised classification with graph convolutional networks},
  author={Kipf, Thomas N and Welling, Max},
  booktitle={Proceedings of  ICLR},
  year={2017}
}

@article{kipf2016variational,
  title={Variational graph auto-encoders},
  author={Kipf, Thomas N and Welling, Max},
  journal={NeurIPS Bayesian Deep Learning Workshop},
  year={2016}
}

@inproceedings{Xhonneux2020CGNN,
  title={Continuous Graph Neural Networks},
  author={Louis-Pascal Xhonneux and Meng Qu and Jian Tang},
  booktitle={Proceedings of ICML},
  year={2020}
}

@inproceedings{zuo2018embedding,
  title={Embedding temporal network via neighborhood formation},
  author={Zuo, Yuan and Liu, Guannan and Lin, Hao and Guo, Jia and Hu, Xiaoqian and Wu, Junjie},
  booktitle={Proceedings of KDD},
  pages={2857--2866},
  year={2018}
}

@inproceedings{2019Variational,
  title={Variational Graph Recurrent Neural Networks},
  author={ Hajiramezanali, Ehsan  and  Hasanzadeh, Arman  and  Duffield, Nick  and  Narayanan, Krishna R  and  Zhou, Mingyuan  and  Qian, Xiaoning },
    booktitle={Advances in NeurIPS},
    pages={10700--10710},
  year={2019},
}


@inproceedings{zhou2018sparc,
title={SPARC: Self-Paced Network Representation for Few-Shot Rare Category Characterization},
author={Zhou, Dawei and He, Jingrui and Yang, Hongxia and Fan, Wei},
booktitle={Proceedings of KDD},
pages={2807--2816},
year={2018}
}
    

@inproceedings{kumar2019predicting,
title={Predicting Dynamic Embedding Trajectory in Temporal Interaction Networks},
author={Kumar, Srijan and Zhang, Xikun and Leskovec, Jure},
booktitle={Proceedings of KDD},
year={2019},
pages={1269-1278}
}



@inproceedings{VelickovicFHLBH19,
  author    = {Petar Veli{\v{c}}kovi{\'{c}} and
               William Fedus and
               William L. Hamilton and
               Pietro Li{\`{o}} and
               Yoshua Bengio and
               R. Devon Hjelm},
  title     = {Deep Graph Infomax},
  booktitle = {Proceedings of ICLR},
  pages     = {1--24},
  year      = {2019},
}

@inproceedings{ChenK0H20,
  author    = {Ting Chen and
               Simon Kornblith and
               Mohammad Norouzi and
               Geoffrey E. Hinton},
  title     = {A Simple Framework for Contrastive Learning of Visual Representations},
  booktitle = {Proceedings of ICML},
  volume    = {119},
  pages     = {1597--1607},
  year      = {2020},
}



@inproceedings{HassaniA20,
  author    = {Kaveh Hassani and
               Amir Hosein Khas Ahmadi},
  title     = {Contrastive Multi-View Representation Learning on Graphs},
  booktitle = {Proceedings of ICML},
  volume    = {119},
  pages     = {4116--4126},
  year      = {2020},
}

@inproceedings{QiuCDZYDWT20,
  author    = {Jiezhong Qiu and
               Qibin Chen and
               Yuxiao Dong and
               Jing Zhang and
               Hongxia Yang and
               Ming Ding and
               Kuansan Wang and
               Jie Tang},
  title     = {{GCC:} Graph Contrastive Coding for Graph Neural Network Pre-Training},
  booktitle = {Proceedings of KDD},
  pages     = {1150--1160},
  year      = {2020},
}

@inproceedings{WanPY021,
  author    = {Sheng Wan and
               Shirui Pan and
               Jian Yang and
               Chen Gong},
  title     = {Contrastive and Generative Graph Convolutional Networks for Graph-based
               Semi-Supervised Learning},
  booktitle = {Proceedings of AAAI},
  pages     = {10049--10057},
  year      = {2021},
}




@inproceedings{GuSGR19,
  author    = {Albert Gu and
               Frederic Sala and
               Beliz Gunel and
               Christopher R{\'{e}}},
  title     = {Learning Mixed-Curvature Representations in Product Spaces},
  booktitle = {Proceedings of ICLR},
    pages     = {1--21},
  year      = {2019},
}

@inproceedings{SkopekGB20,
  author    = {Ondrej Skopek and
               Octavian{-}Eugen Ganea and
               Gary B{\'{e}}cigneul},
  title     = {Mixed-curvature Variational Autoencoders},
  booktitle = {Proceedings of ICLR},
  pages     = {1--54},
  year      = {2020},
}


@inproceedings{BachmannBG20,
  author    = {Gregor Bachmann and
               Gary B{\'{e}}cigneul and
               Octavian Ganea},
  title     = {Constant Curvature Graph Convolutional Networks},
  booktitle = {Proceedings of ICML},
  volume    = {119},
  pages     = {486--496},
  year      = {2020},
}

@inproceedings{WangWSWNAXYC21,
  author    = {Shen Wang and
               Xiaokai Wei and
               C{\'{\i}}cero Nogueira dos Santos and
               Zhiguo Wang and
               Ramesh Nallapati and
               Andrew O. Arnold and
               Bing Xiang and
               Philip S. Yu and
               Isabel F. Cruz},
  title     = {Mixed-Curvature Multi-Relational Graph Neural Network for Knowledge
               Graph Completion},
	booktitle={Proceedings of WWW},
  pages     = {1761--1771},
  year      = {2021},
}

@inproceedings{CruceruBG21,
  author    = {Calin Cruceru and
               Gary B{\'{e}}cigneul and
               Octavian{-}Eugen Ganea},
  title     = {Computationally Tractable Riemannian Manifolds for Graph Embeddings},
  booktitle = {Proceedings of AAAI},
  pages     = {7133--7141},
  year      = {2021},
}

@article{SenNBGGE08,
  author    = {Prithviraj Sen and
               Galileo Namata and
               Mustafa Bilgic and
               Lise Getoor and
               Brian Gallagher and
               Tina Eliassi{-}Rad},
  title     = {Collective Classification in Network Data},
  journal   = {{AI} Mag.},
  volume    = {29},
  number    = {3},
  pages     = {93--106},
  year      = {2008},
}

@article{McCallumNRS00,
  author    = {Andrew McCallum and
               Kamal Nigam and
               Jason Rennie and
               Kristie Seymore},
  title     = {Automating the Construction of Internet Portals with Machine Learning},
  journal   = {Information Retrieval},
  volume    = {3},
  number    = {2},
  pages     = {127--163},
  year      = {2000},
}

@article{NamataQuery,
  title={Query-driven Active Surveying for Collective Classification},
  author={ Namata, G.  and  London, B.  and  Getoor, L.  and  Namatag, B. },
   journal   = {International Workshop on Mining and Learning with Graphs},
   year      = {2012},
}

@inproceedings{MengHWZZK019,
  author    = {Yu Meng and
               Jiaxin Huang and
               Guangyuan Wang and
               Chao Zhang and
               Honglei Zhuang and
               Lance M. Kaplan and
               Jiawei Han},
  title     = {Spherical Text Embedding},
  booktitle = {Proceedings of NIPS},
  pages     = {8206--8215},
  year      = {2019}
}

@inproceedings{ZhangWSLS21,
  author    = {Yiding Zhang and
               Xiao Wang and
               Chuan Shi and
               Nian Liu and
               Guojie Song},
  title     = {Lorentzian Graph Convolutional Networks},
  booktitle = {Proceedings of WWW},
  pages     = {1249--1261},
  year      = {2021},
}

@inproceedings{abs-2105-09111,
  author    = {Xiao Wang and
               Nian Liu and
               Hui Han and
               Chuan Shi},
  title     = {Self-supervised Heterogeneous Graph Neural Network with Co-contrastive Learning},
  booktitle = {Proceedings of KDD},
  year      = {2021},
}

@inproceedings{ParkK0Y20,
  author    = {Chanyoung Park and
               Donghyun Kim and
               Jiawei Han and
               Hwanjo Yu},
  title     = {Unsupervised Attributed Multiplex Network Embedding},
  booktitle = {Proceedings of AAAI},
  pages     = {5371--5378},
  year      = {2020},
}

@inproceedings{PengHLZRXH20,
  author    = {Zhen Peng and
               Wenbing Huang and
               Minnan Luo and
               Qinghua Zheng and
               Yu Rong and
               Tingyang Xu and
               Junzhou Huang},
  title     = {Graph Representation Learning via Graphical Mutual Information Maximization},
  booktitle = {Proceedings of WWW},
  pages     = {259--270},
  year      = {2020},
}

 @article{ravasz2003hierarchical,
  title={Hierarchical organization in complex networks},
  author={Ravasz, Erzs{\'e}bet and Barab{\'a}si, Albert-L{\'a}szl{\'o}},
  journal={Physical review E},
  volume={67},
  number={2},
  pages={026112},
  year={2003},
}