
@inproceedings{hu2016harnessing,
    title = "Harnessing Deep Neural Networks with Logic Rules",
    author = "Hu, Zhiting  and
      Ma, Xuezhe  and
      Liu, Zhengzhong  and
      Hovy, Eduard  and
      Xing, Eric",
    booktitle = "ACL",
    volume="1",
      year = "2016",
    pages = "2410--2420",
}

@article{choi2019relative,
  title={On the relative expressiveness of bayesian and neural networks},
  author={Choi, Arthur and Wang, Ruocheng and Darwiche, Adnan},
  journal={International Journal of Approximate Reasoning},
  year={2019},
  publisher={Elsevier}
}

@article{rosenfeld2018predicting,
  title={Predicting human decision-making: From prediction to action},
  author={Rosenfeld, Ariel and Kraus, Sarit},
  journal={Synthesis Lectures on Artificial Intelligence and Machine Learning},
  volume={12},
  number={1},
  pages={1--150},
  year={2018},
  publisher={Morgan \& Claypool Publishers}
}
@article{carvalho2019machine,
  title={{ML} Interpretability: A Survey on Methods and Metrics},
  author={Carvalho, Diogo V and Pereira, Eduardo M and Cardoso, Jaime S},
  journal={Electronics},
  volume={8},
  number={8},
  pages={832},
  year={2019}}
@inproceedings{rosemarin2019emergency,
  title={Emergency Department Online Patient-Caregiver Scheduling},
  author={Rosemarin, Hanan and Rosenfeld, Ariel and Kraus, Sarit},
  booktitle={{AAAI-19}},
  year={2019}
}
@inproceedings{li2019efficient,
  title={Efficient Ridesharing Order Dispatching with Mean Field Multi-Agent Reinforcement Learning},
  author={Li, Minne and Qin, Zhiwei and others},
  booktitle={WWW},
  pages={983--994},
  year={2019}
}

@article{pino2003preferences,
  title={Preferences and explanations},
  author={Pino-P{\'e}rez, Ram{\'o}n and Uzc{\'a}tegui, Carlos},
  journal={Artificial Intelligence},
  volume={149},
  number={1},
  pages={1--30},
  year={2003},
  publisher={Elsevier}
}
@article{pino1999jumping,
  title={Jumping to explanations versus jumping to conclusions},
  author={Pino-P{\'e}rez, Ram{\'o}n and Uzc{\'a}tegui, Carlos},
  journal={Artificial Intelligence},
  volume={111},
  number={1-2},
  pages={131--169},
  year={1999},
  publisher={Elsevier}
}
@inproceedings{rosenfeld2016strategical,
  title={Strategical argumentative agent for human persuasion},
  author={Rosenfeld, Ariel and Kraus, Sarit},
  booktitle={{ECAI}},
  pages={320--328},
  year={2016}
}

@inproceedings{burjorjee2013explaining,
  title={Explaining optimization in genetic algorithms with uniform crossover},
  author={Burjorjee, Keki M},
  booktitle={Proceedings of the twelfth workshop on Foundations of genetic algorithms XII},
  pages={37--50},
  year={2013},
  organization={ACM}
}

@article{anselmi2018comparison,
  title={Comparison of four common data collection techniques to elicit preferences},
  author={Anselmi, Pasquale and Fabbris, Luigi and Martini, Maria Cristiana and Robusto, Egidio},
  journal={Quality \& Quantity},
  volume={52},
  number={3},
  pages={1227--1239},
  year={2018},
  publisher={Springer}
}



@inproceedings{kleinerman2018providing,
  title={Providing explanations for recommendations in reciprocal environments},
  author={Kleinerman, Akiva and Rosenfeld, Ariel and Kraus, Sarit},
  booktitle={{ACM} Recommender Systems
},
  pages={22--30},
  year={2018},
  organization={ACM}
}
@inproceedings{herlocker2000explaining,
  title={Explaining collaborative filtering recommendations},
  author={Herlocker, Jonathan L and Konstan, Joseph A and Riedl, John},
  booktitle={CSCW},
  pages={241--250},
  year={2000},
  organization={ACM}
}
@article{bauer.1999,
  langid = {english},
  title = {An {{Empirical Comparison}} of {{Voting Classification Algorithms}}: {{Bagging}}, {{Boosting}}, and {{Variants}}},
  date = {1999},
  pages = {35},
  author = {Bauer, Eric}
}

@article{paris1993,
  title = {Explainable Expert Systems: {{A}} Research Program in Information Processing},
  url = {https://ntrs.nasa.gov/archive/nasa/casi.ntrs.nasa.gov/19940015660.pdf},
  urldate = {2019-08-27},
  year= {1993},
  author = {Paris, Cecile L}
}

@article{preece2018,
  langid = {english},
  title = {Asking ‘{{Why}}’ in {{AI}}: {{Explainability}} of Intelligent Systems - Perspectives and Challenges},
  volume = {25},
title = {Asking ‘{{Why}}’ in {{AI}}},
  number = {2},
  journaltitle = {Intelligent Systems in Accounting, Finance and Management},
 year={2018},  pages = {63-72},
  author = {Preece, Alun}
}

// https://arxiv.org/pdf/1709.10256.pdf
@misc{fox2017explainable,
    title={Explainable Planning},
    author={Maria Fox and Derek Long and Daniele Magazzeni},
    year={2017},
    eprint={1709.10256},
    archivePrefix={arXiv},
    primaryClass={cs.AI}
}

// https://arxiv.org/pdf/1706.07269.pdf
@article{miller2018explanation,
  title={Explanation in artificial intelligence: Insights from the social sciences},
  author={Miller, Tim},
  journal={AIJ},
  year={2018},
  publisher={Elsevier},
  volume = {267},
  pages = {1--38}
}

@inproceedings{papenmeier2019,
  title     = {How Model Accuracy and Explanation Fidelity Influence User Trust},
  author    = {Papenmeier, Andrea and Englebienne, Gwenn and Seifert, Christin},
  booktitle = {3rd Workshop on Explainable AI ({X-AI})},
  pages = {94--100},
  address = {Macao, CN},      
  year      = {2019},
  url={https://arxiv.org/abs/1907.12652}
}




@inproceedings{putnam2019exploring,
  title={Exploring the Need for Explainable Artificial Intelligence (XAI) in Intelligent Tutoring Systems (ITS).},
  author={Putnam, Vanessa and Conati, Cristina},
  booktitle={IUI Workshops},
  year={2019}
}

@article{rosenfeld2019explainability,
  title={Explainability in human--agent systems},
  author={Rosenfeld, Avi and Richardson, Ariella},
  journal={JAAMAS},
  year={2019},
  publisher={Springer}
}
@inproceedings{ludwig2018explaining,
  title={Explaining Complex Scheduling Decisions.},
  author={Ludwig, Jeremy and Kalton, Annaka and Stottler, Richard},
  booktitle={IUI Workshops},
  year={2018}
}
@inproceedings{core2006building,
  title={Building explainable artificial intelligence systems},
  author={Core, Mark G and Lane, H Chad and Van Lent, Michael and Gomboc, Dave and Solomon, Steve and Rosenberg, Milton},
  booktitle={AAAI-06},
    year={2006}
}

@article{samek2017explainable,
  title={Explainable artificial intelligence: Understanding, visualizing and interpreting deep learning models},
  author={Samek, Wojciech and Wiegand, Thomas and M{\"u}ller, Klaus-Robert},
  journal={arXiv preprint arXiv:1708.08296},
  year={2017}
}

@inproceedings{zhang2018interpretable,
  title={Interpretable convolutional neural networks},
  author={Zhang, Quanshi and Nian Wu, Ying and Zhu, Song-Chun},
  booktitle={ICVPR-18},
  pages={8827--8836},
  year={2018}
}

@inproceedings{sheh2017did,
  title={" Why Did You Do That?" Explainable Intelligent Robots},
  author={Sheh, Raymond Ka-Man},
  booktitle={Workshops at {AAAI-17}},
  year={2017}
}

@inproceedings{Lakkaraju2019FaithfulAC,
  title={Faithful and Customizable Explanations of Black Box Models},
  author={H. Lakkaraju and E. Kamar and R. Caruana and J. Leskovec},
  booktitle={AIES},
  year={2019}
}

@article{levinger2018human,
  title={Human Satisfaction as the Ultimate Goal in Ridesharing},
  author={Levinger, Chaya and Azaria, Amos and Hazon, Noam},
  journal={arXiv preprint arXiv:1807.00376},
  year={2018}
}

@inproceedings{pedreschi2019meaningful1,
  title={Meaningful explanations of {Black Box AI} decision systems},
  author={Pedreschi, Dino and Giannotti, Fosca and others},
  booktitle={{AAAI}},
  volume={33},
  pages={9780--9784},
  year={2019}
}

@inproceedings{liu.2018,
  title = "Towards Explainable {NLP}: A Generative Explanation Framework for Text Classification",
  author = "Liu, Hui  and
    Yin, Qingyu  and
    Wang, William Yang",
  booktitle = "{ACL}",
    year = "2019",
  pages = "5570--5581",
}
@article{rosenfeld2016providing,
  title={Providing arguments in discussions on the basis of the prediction of human argumentative behavior},
  author={Rosenfeld, Ariel and Kraus, Sarit},
  journal={ACM Trans. on Interactive Intelligent Systems (TiiS)},
  volume={6},
  number={4},
  pages={30},
  year={2016},
  publisher={ACM}
}

@misc{wolf2019,
  title = {Explainability in Context: Lessons from an Intelligent System in the IT Services Domain},
  year = {2019},
  pages = {6},
  author = {Wolf, Christine T and Blomberg, Jeanette L and Jose, San},
  url = {http://ceur-ws.org/Vol-2327/IUI19WS-ExSS2019-17.pdf},
  urldate = {2019-09-09},
}
@article{chen2017survey,
  title={A survey on dialogue systems: Recent advances and new frontiers},
  author={Chen, Hongshen and others},
  journal={{ACM} {SIGKDD} Explorations Newsletter},
  volume={19},
  number={2},
  pages={25--35},
  year={2017}
}


@article{madumal2018towards,
  title={Towards a grounded dialog model for explainable artificial intelligence},
  author={Madumal, Prashan and Miller, Tim and Vetere, Frank and Sonenberg, Liz},
  journal={arXiv preprint},
  year={2018}
}
@article{liao2018representation,
  title={Representation, Justification and Explanation in a Value Driven Agent: An Argumentation-Based Approach},
  author={Liao, Beishui and Anderson, Michael and Anderson, Susan Leigh},
  journal={arXiv preprint arXiv:1812.05362},
  year={2018}
}


@article{cawsey1993planning,
  title={Planning interactive explanations},
  author={Cawsey, Alison},
  journal={Intern. J. of Man-Machine Studies},
  volume={38},
  number={2},
  pages={169--199},
  year={1993},
  
}


@incollection{holzinger.2016,
  location = {{Cham}},
  title = {Towards Interactive {{Machine Learning}} ({{iML}}): {{Applying Ant Colony Algorithms}} to {{Solve}} the {{Traveling Salesman Problem}} with the {{Human}}-in-the-{{Loop Approach}}},
  volume = {9817},
  isbn = {978-3-319-45506-8 978-3-319-45507-5},
  url = {http://link.springer.com/10.1007/978-3-319-45507-5_6},
  shorttitle = {Towards Interactive {{Machine Learning}} ({{iML}})},
  booktitle = {Availability, {{Reliability}}, and {{Security}} in {{Information Systems}}},
  publisher = {{Springer International Publishing}},
  urldate = {2019-04-28},
  year = {2016},
  pages = {81-95},
  author = {Holzinger, Andreas and Plass, Markus and Holzinger, Katharina and Crişan, Gloria Cerasela and Pintea, Camelia-M. and Palade, Vasile},
  editor = {Buccafurri, Francesco and Holzinger, Andreas and Kieseberg, Peter and Tjoa, A Min and Weippl, Edgar},
  doi = {10.1007/978-3-319-45507-5_6}
}

@incollection{doshi-velez.2018,
    title = {Considerations for {{Evaluation}} and {{Generalization}} in {{Interpretable Machine Learning}}},
  booktitle = {Explainable and {{Interpretable Models}} in {{Computer Vision}} and {{ML}}},
    year = {2018},
  pages = {3-17},
  author = {Doshi-Velez, Finale and Kim, Been}
}

@inproceedings{Lakkaraju17,
  author    = {Himabindu Lakkaraju and
               Ece Kamar and
               Rich Caruana and
               Jure Leskovec},
  title     = {Interpretable {\&} Explorable Approximations of Black Box Models},
  booktitle   = {{FAT ML} (KDD)},
   year      = {2017},
  url       = {http://arxiv.org/abs/1707.01154}
}

@article{Lee19,
  author    = {Jung Hoon Lee},
  title     = {Complementary reinforcement learning towards explainable agents},
  journal   = {CoRR},
  volume    = {abs/1901.00188},
  year      = {2019},
  url       = {http://arxiv.org/abs/1901.00188}
}

@inproceedings{Nguyen15,
  author    = {Anh Mai Nguyen and
               Jason Yosinski and
               Jeff Clune},
  title     = {Deep Neural Networks are Easily Fooled: High Confidence Predictions
               for Unrecognizable Images},
  booktitle = {Proceedings of the IEEE conference on computer vision and pattern recognition},
   year      = {2015},
  url       = {http://arxiv.org/abs/1412.1897},
 pages = {427--436}
}

@article{Bach15,
author = {Bach, S. and Binder, A. and others},
title = {On Pixel-Wise Explanations for Non-Linear Classifier Decisions by Layer-Wise Relevance Propagation},
journal = {PLoS ONE},
year = {2015},
url={https://doi.org/10.1371/journal.pone.0130140},
volume = {10},
number = {7}
}

@article{Montavon17,
author = {Montavon, G. and Lapuschkin, S. and others},
title = {On Pixel-Wise Explanations for Non-Linear Classifier Decisions by Layer-Wise Relevance Propagation},
journal = {Pattern Recognition},
year = {2017},
volume = {65},
pages = {211--222}
}

@inproceedings{Peltola2018LocalIM,
  title={Local Interpretable Model-agnostic Explanations of Bayesian Predictive Models via Kullback-Leibler Projections},
  author={Tomi Peltola},
  booktitle={X-{AI}@IJCAI},
  year={2018}
  }
  
@incollection{NIPS2016_6321,
title = {{RETAIN}: {A}n Interpretable Predictive Model for Healthcare using Reverse Time Attention Mechanism},
author = {Choi, E. and Bahadori, M. and others},
booktitle = {Advances in Neural Information Processing Systems 29},
editor = {D. D. Lee and M. Sugiyama and U. V. Luxburg and I. Guyon and R. Garnett},
pages = {3504--3512},
year = {2016},
publisher = {Curran Associates, Inc.},
url = {http://papers.nips.cc/paper/6321-retain-an-interpretable-predictive-model-for-healthcare-using-reverse-time-attention-mechanism.pdf}
}
@inproceedings{Mishra2017LocalIM,
  title={Local Interpretable Model-Agnostic Explanations for Music Content Analysis},
  author={Saumitra Mishra and Bob L. Sturm and Simon Dixon},
  booktitle={ISMIR},
  year={2017}
}
@article{Goodman2016,
       author = {{Goodman}, Bryce and {Flaxman}, Seth},
        title = "{European Union regulations on algorithmic decision-making and a ''right to explanation''}",
      journal = {AI Magazine}, 
         year = "2017",
         volume=38,
         number=3,
        pages = {arXiv:1606.08813}

   
}

@inproceedings{Selvaraju17,
  author    = {Ramprasaath R. Selvaraju and
               Abhishek Das and
               Ramakrishna Vedantam and
               Michael Cogswell and
               Devi Parikh and
               Dhruv Batra},
  title     = {{Grad-CAM}: Why did you say that? {V}isual Explanations from Deep Networks
               via Gradient-based Localization},
  booktitle   = {{ICCV-17}},
   year      = {2017},
  }

@Article{Yousaf2014,
author="Yousaf, Jamal
and Li, Juanzi
and Chen, Lu
and Tang, Jie
and Dai, Xiaowen",
title="Generalized multipath planning model for ride-sharing systems",
journal="Frontiers of Computer Science",
year="2014",
month="Feb",
day="01",
volume="8",
number="1",
pages="100--118",
issn="2095-2236",
doi="10.1007/s11704-013-3021-6",
url="https://doi.org/10.1007/s11704-013-3021-6"
}

@inproceedings{Shrikumar17,
  author    = {A. Shrikumar and
               P. Greenside and
               A. Kundaje},
  title     = {Learning Important Features Through Propagating Activation Differences},
  booktitle = {{ICML-17}},
  pages     = {3145--3153},
  year      = {2017}
}

@article{bradley2009dealing,
  title={Dealing with service failures: The use of explanations},
  author={Bradley, Graham L and Sparks, Beverley A},
  journal={Journal of Travel \& Tourism Marketing},
  volume={26},
  number={2},
  pages={129--143},
  year={2009},
  publisher={Taylor \& Francis}
}

@inproceedings{ludwig2018explaining,
  title={Explaining Complex Scheduling Decisions.},
  author={Ludwig, Jeremy and Kalton, Annaka and Stottler, Richard},
  booktitle={IUI Workshops},
  year={2018}
}

@inproceedings{vcyras2019argumentation,
  title={Argumentation for explainable scheduling},
  author={{\v{C}}yras, Kristijonas and Letsios, Dimitrios and Misener, Ruth and Toni, Francesca},
  booktitle={Proceedings of the AAAI Conference on Artificial Intelligence},
  volume={33},
  pages={2752--2759},
  year={2019}
}