@article{lda,
    title={Latent Dirichlet Allocation},
    author={Blei, David M. and Ng, Andrew Y. and Jordan, Michael I.},
    journal={Journal of Machine Learning Research},
    year={2003}
}


@article{borin,
    title={A model for determining retail product category assortment and shelf space allocation},
    author={Borin, Norm and Farris, Paul W. and Freeland, James R.},
    journal={Decision Sciences},
    year={1994}
}

@article{zufryden,
    title={A Dynamic Programming Approach for Product Selection and Supermarket Shelf-Space
    Allocation},
    author={Zufryden, Fred S.},
    journal={The Journal of Operational Research Society},
    year={1986}
}

@inproceedings{brijs,
  title={A Data Mining Framework for Optimal
Product Selection in Retail Supermarket Data:
The Generalized PROFSET Model},
  author = {Brijs, Tom et al. },
  booktitle={arXiv},
  year={2001},
  url = {https://arxiv.org/pdf/cs/0112013.pdf}
 
}


@article{aloysius,
  title={An approach to products placement in supermarkets using PrefixSpan algorithm},
  author = {Aloysius, George and Binu, D.},
  journal={Journal of King Saud University - Computer and Information Sciences},
  year={2011}
 
}


@inproceedings{mnih,
  title={Playing Atari with Deep Reinforcement Learning},
  author = {Mnih, Volodymyr et al.},
  year={2015},
  booktitle = {arXiv},
  url = {https://arxiv.org/abs/1312.5602}
 
}

@article{silver-16,
  title={Mastering the game of Go with deep neural networks and tree search},
  author = {Silver, David et al.},
  year={2016},
  journal = {Nature}
 
}

@article{silver-17,
  title={Mastering the game of Go without human knowledge},
  author = {Silver, David et al.},
  year={2017},
  journal = {Nature}
 
}



@inproceedings{lin-msu,
  title={Effecient large-scale Fleet Management via Multi-agent Deep Reinforcement Learning},
  author = {Lin, Kaixing and Zhao, Renyu and Xu, Zhe and Zhou, Jiayu},
  year={2018},
  booktitle = {Proceedings of the ACM SIGKDD international conference on knowledge discovery and data mining, KDD'18},
 
}

@inproceedings{li,
  title={Efficient Ridesharing Order Dispatching with Mean Field Multi-Agent Reinforcement Learning},
  author = {Li, Minne et al.},
  year={2019},
  booktitle = {Proceedings of the World Wide Web Conference, TheWebConf'19},
 
}

@inproceedings{intellilight,
  title={ IntelliLight: A Reinforcement Learning Approach for Intelligent Traffic Light Control},
  author = {Wei, Hua anad Zheng, Guanjie and Yao, Huaxiu and Li, Zhenhui},
  year={2018},
  booktitle = {in Proceedings of the 2018 ACM SIGKDD International Conference on Knowledge Discovery and Data Mining (KDD'18)},
 
}


@inproceedings{colight,
  title={ CoLight: Learning Network-level Cooperation for Traffic Signal Control},
  author = {Wei, Hua et al.},
  year={2019},
  booktitle = {in Proceedings of the 2019 ACM on Conference on Information and Knowledge Management (CIKM'19)},
 
}

@inproceedings{chen,
  title={DyETC: Dynamic Electronic Toll Collection for Traffic Congestion Alleviation},
  author = {Chen, Haipeng et al. },
  year={2018},
  booktitle = {in Proceedings of the 2018 conference of Association for the Advancement of Artificial Intelligence (AAAI'18)},
 
}


@inproceedings{kaiser,
  title={Model-Based Reinforcement Learning for Atari},
  author = {Kaiser, Lukasz et al.},
  year={2019},
  booktitle = {arXiv},
  url = {https://arxiv.org/pdf/1903.00374.pdf}
 
}


@inproceedings{dong,
  title={Learning Laplacian Matrix in Smooth Graph Signal
Representations},
  author = {Dong, Xiaowen  and Thanou, Dorina  and Frossard, Pascal  and Vandergheynst, Pierre },
  year={2016},
  booktitle = {IEEE Transactions on Signal Processing}
 
}

\re



@article{Burkardt,
  title={The Truncated Normal Distribution},
  author = {Burkardt, John},
  year={2014},
  url = {https://people.sc.fsu.edu/~jburkardt/presentations/truncated_normal.pdf}
 
}

@article{lewandowski,
  title={Generating random correlation matrices based on vines and extended onion method},
  author = {Lewandowski, Daniel and Kurowicka, Dorota and Joe, Harry},
  year={2009},
  journal = {Journal of Multivariate Analysis}
}

@article{nuts,
  title={The No-U-Turn Sampler: Adaptively Setting Path Lengths in Hamiltonian Monte Carlo},
  author = {Hoffman Matthew D. and Gelman, Andrew},
  year={2011},
  journal = {Journal of Machine Learning Research}
}

@article{advi,
  title={Automatic Differentiation Variational Inference},
  author = {Kucukelbir, Alp et al.},
  year={2017},
  journal = {Journal of Machine Learning Research}
}


@article{pymc3,
  title={The Truncated Normal Distribution},
  author = {Salvatier, J and Wiecki, T.V. and Fonnesbeck, C},
  year={2016},
  journal = {PeerJ Computer Scienc}
 
}


@article{Badgaiyan,
  title={Does urge to buy impulsively differ from impulsive buying behaviour? Assessing the impact of situational factors},
  author = {Badgaiyan, Anant and Verma, Anshul},
  journal = {Journal of Retailing and Consumer Services},
  year = {2015}
}

@BOOK{BDA3,
	AUTHOR = "Andrew Gelman, John B. Carlin, Hal S. Stern, David B. Dunson, 	Aki Vehtari, and Donald B. Rubin",
	TITLE = "Bayesian Data Analysis: Third Edition",
	PUBLISHER = "CRC Press",
	ADDRESS = "Boca Raton, FL",
	YEAR = "2013"}
	
@article{Mattila,
  title={The role of store environmental stimulation
and social factors on impulse purchasing},
  author = {Mattila, Anna and  Wirtz, Jochen},
  journal = {Journal of Services Marketing},
  year = {2008}
}
    