
@InProceedings{bosselut2017simulating,
  title={Simulating action dynamics with neural process networks},
  author={Bosselut, Antoine and Levy, Omer and Holtzman, Ari and Ennis, Corin and Fox, Dieter and Choi, Yejin},
  booktitle    = "The International Conference on Learning Representations",
  year         = 2018,
  bibdate      = "Thu Sep  5 05:31:23 CDT 2019",
  bibauthor    = "yschoe",
  annote       = "
	",
}


@InProceedings{cho2014emnlp,
  title={Learning phrase representations using RNN encoder-decoder for statistical machine translation},
  author={Cho, Kyunghyun and Van Merri{\"e}nboer, Bart and Gulcehre, Caglar and Bahdanau, Dzmitry and Bougares, Fethi and Schwenk, Holger and Bengio, Yoshua},
  booktitle    = "The Conference on {Empirical Methods in Natural Language Processing}",
  year         = 2014,
  bibdate      = "Thu Sep  5 05:43:15 CDT 2019",
  bibauthor    = "yschoe",
  annote       = "
	",
}


@inproceedings{graves2006connectionist,
  title={Connectionist temporal classification: labelling unsegmented sequence data with recurrent neural networks},
  author={Graves, Alex and Fern{\'a}ndez, Santiago and Gomez, Faustino and Schmidhuber, J{\"u}rgen},
  booktitle={Proceedings of the 23rd international conference on Machine learning},
  pages={369--376},
  year={2006},
  organization={ACM}
}


@book{hinton1984distributed,
  title={Distributed representations},
  author={Hinton, Geoffrey E and McClelland, James L and Rumelhart, David E and others},
  year={1984},
  publisher={Carnegie-Mellon University Pittsburgh, PA}
}


@article{tieleman2012lecture,
  title={Lecture 6.5-rmsprop: Divide the gradient by a running average of its recent magnitude},
  author={Tieleman, Tijmen and Hinton, Geoffrey},
  journal={COURSERA: Neural networks for machine learning},
  volume={4},
  number={2},
  pages={26--31},
  year={2012}
}