@inproceedings{NEURIPS2020_d6f1dd03,
 author = {Lewis, Mike and Ghazvininejad, Marjan and Ghosh, Gargi and Aghajanyan, Armen and Wang, Sida and Zettlemoyer, Luke},
 booktitle = {Advances in Neural Information Processing Systems},
 editor = {H. Larochelle and M. Ranzato and R. Hadsell and M.F. Balcan and H. Lin},
 pages = {18470--18481},
 publisher = {Curran Associates, Inc.},
 title = {Pre-training via Paraphrasing},
 url = {https://proceedings.neurips.cc/paper_files/paper/2020/file/d6f1dd034aabde7657e6680444ceff62-Paper.pdf},
 volume = {33},
 year = {2020}
}

@article{Zhang_Ming_Zhang_Liu_Chua_2015,
title={Exploring Key Concept Paraphrasing Based on Pivot Language Translation for Question Retrieval}, volume={29},
url={https://ojs.aaai.org/index.php/AAAI/article/view/9193}, DOI={10.1609/aaai.v29i1.9193}, number={1},
journal={Proceedings of the AAAI Conference on Artificial Intelligence},
author={Zhang, Wei-Nan and Ming, Zhao-Yan and Zhang, Yu and Liu, Ting and Chua, Tat-Seng}, year={2015}, month={Feb.} 
}

@inproceedings{Cao2017,
author = {Cao, Ziqiang and Luo, Chuwei and Li, Wenjie and Li, Sujian},
title = {Joint Copying and Restricted Generation for Paraphrase},
year = {2017},
publisher = {AAAI Press},
booktitle = {Proceedings of the Thirty-First AAAI Conference on Artificial Intelligence},
pages = {3152â€“3158},
numpages = {7},
location = {San Francisco, California, USA},
series = {AAAI'17}
}

@misc{hegde2020unsupervised,
      title={Unsupervised Paraphrase Generation using Pre-trained Language Models}, 
      author={Chaitra Hegde and Shrikumar Patil},
      year={2020},
      eprint={2006.05477},
      archivePrefix={arXiv},
      primaryClass={cs.CL}
}

@misc{oord2018neural,
      title={Neural Discrete Representation Learning}, 
      author={Aaron van den Oord and Oriol Vinyals and Koray Kavukcuoglu},
      year={2018},
      eprint={1711.00937},
      archivePrefix={arXiv},
      primaryClass={cs.LG}
}

@misc{chelba2014billion,
      title={One Billion Word Benchmark for Measuring Progress in Statistical Language Modeling}, 
      author={Ciprian Chelba and Tomas Mikolov and Mike Schuster and Qi Ge and Thorsten Brants and Phillipp Koehn and Tony Robinson},
      year={2014},
      eprint={1312.3005},
      archivePrefix={arXiv},
      primaryClass={cs.CL}
}

@article{radford2019language,
  title={Language Models are Unsupervised Multitask Learners},
  author={Radford, Alec and Wu, Jeff and Child, Rewon and Luan, David and Amodei, Dario and Sutskever, Ilya},
  year={2019}
}

@misc{guo2019zeroshot,
      title={Zero-Shot Paraphrase Generation with Multilingual Language Models}, 
      author={Yinpeng Guo and Yi Liao and Xin Jiang and Qing Zhang and Yibo Zhang and Qun Liu},
      year={2019},
      eprint={1911.03597},
      archivePrefix={arXiv},
      primaryClass={cs.CL}
}

@inproceedings{NEURIPS2019_c04c19c2,
 author = {Conneau, Alexis and Lample, Guillaume},
 booktitle = {Advances in Neural Information Processing Systems},
 editor = {H. Wallach and H. Larochelle and A. Beygelzimer and F. d\textquotesingle Alch\'{e}-Buc and E. Fox and R. Garnett},
 pages = {},
 publisher = {Curran Associates, Inc.},
 title = {Cross-lingual Language Model Pretraining},
 url = {https://proceedings.neurips.cc/paper_files/paper/2019/file/c04c19c2c2474dbf5f7ac4372c5b9af1-Paper.pdf},
 volume = {32},
 year = {2019}
}

@article{fan-etal-2021-beyond,
author = {Fan, Angela and Bhosale, Shruti and Schwenk, Holger and Ma, Zhiyi and El-Kishky, Ahmed and Goyal, Siddharth and Baines, Mandeep and Celebi, Onur and Wenzek, Guillaume and Chaudhary, Vishrav and Goyal, Naman and Birch, Tom and Liptchinsky, Vitaliy and Edunov, Sergey and Grave, Edouard and Auli, Michael and Joulin, Armand},
title = {Beyond English-Centric Multilingual Machine Translation},
year = {2021},
issue_date = {January 2021},
publisher = {JMLR.org},
volume = {22},
number = {1},
issn = {1532-4435},
journal = {J. Mach. Learn. Res.},
month = {jan},
articleno = {107},
numpages = {48},
keywords = {bitext mining, many-to-many, model scaling, neural networks, multilingual machine translation}
}

@inproceedings{NIPS2017_3f5ee243,
 author = {Vaswani, Ashish and Shazeer, Noam and Parmar, Niki and Uszkoreit, Jakob and Jones, Llion and Gomez, Aidan N and Kaiser, \L ukasz and Polosukhin, Illia},
 booktitle = {Advances in Neural Information Processing Systems},
 editor = {I. Guyon and U. Von Luxburg and S. Bengio and H. Wallach and R. Fergus and S. Vishwanathan and R. Garnett},
 pages = {},
 publisher = {Curran Associates, Inc.},
 title = {Attention is All you Need},
 url = {https://proceedings.neurips.cc/paper_files/paper/2017/file/3f5ee243547dee91fbd053c1c4a845aa-Paper.pdf},
 volume = {30},
 year = {2017}
}

@article{raffel-etal-2020-exploring,
  author  = {Colin Raffel and Noam Shazeer and Adam Roberts and Katherine Lee and Sharan Narang and Michael Matena and Yanqi Zhou and Wei Li and Peter J. Liu},
  title   = {Exploring the Limits of Transfer Learning with a Unified Text-to-Text Transformer},
  journal = {Journal of Machine Learning Research},
  year    = {2020},
  volume  = {21},
  number  = {140},
  pages   = {1--67},
  url     = {http://jmlr.org/papers/v21/20-074.html}
}


@inproceedings{pmlr-v97-houlsby19a,
  title = 	 {Parameter-Efficient Transfer Learning for {NLP}},
  author =       {Houlsby, Neil and Giurgiu, Andrei and Jastrzebski, Stanislaw and Morrone, Bruna and De Laroussilhe, Quentin and Gesmundo, Andrea and Attariyan, Mona and Gelly, Sylvain},
  booktitle = 	 {Proceedings of the 36th International Conference on Machine Learning},
  pages = 	 {2790--2799},
  year = 	 {2019},
  editor = 	 {Chaudhuri, Kamalika and Salakhutdinov, Ruslan},
  volume = 	 {97},
  series = 	 {Proceedings of Machine Learning Research},
  month = 	 {09--15 Jun},
  publisher =    {PMLR},
  pdf = 	 {http://proceedings.mlr.press/v97/houlsby19a/houlsby19a.pdf},
  url = 	 {https://proceedings.mlr.press/v97/houlsby19a.html},
}

@misc{hu2021lora,
      title={LoRA: Low-Rank Adaptation of Large Language Models}, 
      author={Edward J. Hu and Yelong Shen and Phillip Wallis and Zeyuan Allen-Zhu and Yuanzhi Li and Shean Wang and Lu Wang and Weizhu Chen},
      year={2021},
      eprint={2106.09685},
      archivePrefix={arXiv},
      primaryClass={cs.CL}
}

@misc{kaushik2021understanding,
      title={Understanding Catastrophic Forgetting and Remembering in Continual Learning with Optimal Relevance Mapping}, 
      author={Prakhar Kaushik and Alex Gain and Adam Kortylewski and Alan Yuille},
      year={2021},
      eprint={2102.11343},
      archivePrefix={arXiv},
      primaryClass={cs.LG}
}

@article{Chowdhury_Zhuang_Wang_2022, 
title={Novelty Controlled Paraphrase Generation with Retrieval Augmented Conditional Prompt Tuning}, 
volume={36},
url={https://ojs.aaai.org/index.php/AAAI/article/view/21297},
DOI={10.1609/aaai.v36i10.21297},
number={10},
journal={Proceedings of the AAAI Conference on Artificial Intelligence},
author={Chowdhury, Jishnu Ray and Zhuang, Yong and Wang, Shuyi},
year={2022},
month={Jun.},
pages={10535-10544}
}

@misc{goodfellow2015explaining,
      title={Explaining and Harnessing Adversarial Examples}, 
      author={Ian J. Goodfellow and Jonathon Shlens and Christian Szegedy},
      year={2015},
      eprint={1412.6572},
      archivePrefix={arXiv},
      primaryClass={stat.ML}
}

@misc{saadatpanah2019adversarial,
      title={Adversarial attacks on Copyright Detection Systems}, 
      author={Parsa Saadatpanah and Ali Shafahi and Tom Goldstein},
      year={2019},
      eprint={1906.07153},
      archivePrefix={arXiv},
      primaryClass={cs.LG}
}

@misc{miyato2018virtual,
      title={Virtual Adversarial Training: A Regularization Method for Supervised and Semi-Supervised Learning}, 
      author={Takeru Miyato and Shin-ichi Maeda and Masanori Koyama and Shin Ishii},
      year={2018},
      eprint={1704.03976},
      archivePrefix={arXiv},
      primaryClass={stat.ML}
}

@misc{xiao2018characterizing,
      title={Characterizing Adversarial Examples Based on Spatial Consistency Information for Semantic Segmentation}, 
      author={Chaowei Xiao and Ruizhi Deng and Bo Li and Fisher Yu and Mingyan Liu and Dawn Song},
      year={2018},
      eprint={1810.05162},
      archivePrefix={arXiv},
      primaryClass={cs.CR}
}

@inproceedings{zhu2020freelb,
  author       = {Chen Zhu and
                  Yu Cheng and
                  Zhe Gan and
                  Siqi Sun and
                  Tom Goldstein and
                  Jingjing Liu},
  title        = {FreeLB: Enhanced Adversarial Training for Natural Language Understanding},
  booktitle    = {8th International Conference on Learning Representations, {ICLR} 2020,
                  Addis Ababa, Ethiopia, April 26-30, 2020},
  year         = {2020},
}

@inproceedings{NEURIPS2019_7503cfac,
 author = {Shafahi, Ali and Najibi, Mahyar and Ghiasi, Mohammad Amin and Xu, Zheng and Dickerson, John and Studer, Christoph and Davis, Larry S and Taylor, Gavin and Goldstein, Tom},
 booktitle = {Advances in Neural Information Processing Systems},
 editor = {H. Wallach and H. Larochelle and A. Beygelzimer and F. d\textquotesingle Alch\'{e}-Buc and E. Fox and R. Garnett},
 pages = {},
 publisher = {Curran Associates, Inc.},
 title = {Adversarial training for free!},
 url = {https://proceedings.neurips.cc/paper_files/paper/2019/file/7503cfacd12053d309b6bed5c89de212-Paper.pdf},
 volume = {32},
 year = {2019}
}

@inproceedings{NEURIPS2019_812b4ba2,
 author = {Zhang, Dinghuai and Zhang, Tianyuan and Lu, Yiping and Zhu, Zhanxing and Dong, Bin},
 booktitle = {Advances in Neural Information Processing Systems},
 editor = {H. Wallach and H. Larochelle and A. Beygelzimer and F. d\textquotesingle Alch\'{e}-Buc and E. Fox and R. Garnett},
 pages = {},
 publisher = {Curran Associates, Inc.},
 title = {You Only Propagate Once: Accelerating Adversarial Training via Maximal Principle},
 url = {https://proceedings.neurips.cc/paper_files/paper/2019/file/812b4ba287f5ee0bc9d43bbf5bbe87fb-Paper.pdf},
 volume = {32},
 year = {2019}
}

@inproceedings{madry2018towards,
title={Towards Deep Learning Models Resistant to Adversarial Attacks},
author={Aleksander Madry and Aleksandar Makelov and Ludwig Schmidt and Dimitris Tsipras and Adrian Vladu},
booktitle={International Conference on Learning Representations},
year={2018},
url={https://openreview.net/forum?id=rJzIBfZAb},
}

@article{hochreiter1997long,
  title={Long short-term memory},
  author={Hochreiter, Sepp and Schmidhuber, J{\"u}rgen},
  journal={Neural computation},
  volume={9},
  number={8},
  pages={1735--1780},
  year={1997},
  publisher={MIT press}
}

@misc{shliazhko2022mgpt,
      title={mGPT: Few-Shot Learners Go Multilingual}, 
      author={Oleh Shliazhko and Alena Fenogenova and Maria Tikhonova and Vladislav Mikhailov and Anastasia Kozlova and Tatiana Shavrina},
      year={2022},
      eprint={2204.07580},
      archivePrefix={arXiv},
      primaryClass={cs.CL}
}

@inproceedings{wmt19translate,
    author = "Wikimedia Foundation",
    year={2019},
    title  = "ACL 2019 Fourth Conference on Machine Translation (WMT19), Shared Task: Machine Translation of News",
    url    = "http://www.statmt.org/wmt19/translation-task.html"
}

@misc{schwenk2019wikimatrix,
      title={WikiMatrix: Mining 135M Parallel Sentences in 1620 Language Pairs from Wikipedia}, 
      author={Holger Schwenk and Vishrav Chaudhary and Shuo Sun and Hongyu Gong and Francisco GuzmÃ¡n},
      year={2019},
      eprint={1907.05791},
      archivePrefix={arXiv},
      primaryClass={cs.CL}
}

@article{Creutz2019,
archivePrefix = {arXiv},
arxivId = {1809.06142},
author = {Creutz, Mathias},
eprint = {1809.06142},
isbn = {9791095546009},
journal = {LREC 2018 - 11th International Conference on Language Resources and Evaluation},
number = {2005},
pages = {1364--1369},
title = {{Open subtitles paraphrase corpus for six languages}},
year = {2019}
}

@data{DVN/38OJR6_2020,
author = {Duolingo},
publisher = {Harvard Dataverse},
title = {{Data for the 2020 Duolingo Shared Task on Simultaneous Translation And Paraphrase for Language Education (STAPLE)}},
year = {2020},
version = {DRAFT VERSION},
doi = {10.7910/DVN/38OJR6},
url = {https://doi.org/10.7910/DVN/38OJR6}
}

@inproceedings{zhang-etal-2020-bertscore,
title={BERTScore: Evaluating Text Generation with BERT},
author={Tianyi Zhang and Varsha Kishore and Felix Wu and Kilian Q. Weinberger and Yoav Artzi},
booktitle={International Conference on Learning Representations},
year={2020},
url={https://openreview.net/forum?id=SkeHuCVFDr}
}

@article{Bertsekas1982PNM,
author = {Bertsekas, Dimitri P.},
title = {Projected Newton Methods for Optimization Problems with Simple Constraints},
journal = {SIAM Journal on Control and Optimization},
volume = {20},
number = {2},
pages = {221-246},
year = {1982},
doi = {10.1137/0320018},
URL = {https://doi.org/10.1137/0320018},
eprint = {https://doi.org/10.1137/0320018}
}

@article{Krippendorff1970EstimatingTR,
  title={Estimating the Reliability, Systematic Error and Random Error of Interval Data},
  author={Klaus Krippendorff},
  journal={Educational and Psychological Measurement},
  year={1970},
  volume={30},
  pages={61 - 70}
}

@inproceedings{ott2019fairseq,
  title = {fairseq: A Fast, Extensible Toolkit for Sequence Modeling},
  author = {Myle Ott and Sergey Edunov and Alexei Baevski and Angela Fan and Sam Gross and Nathan Ng and David Grangier and Michael Auli},
  booktitle = {Proceedings of NAACL-HLT 2019: Demonstrations},
  year = {2019},
}

@inproceedings{paszke2017automatic,
    title={Automatic differentiation in PyTorch},
    author={Paszke, Adam and Gross, Sam and Chintala, Soumith and Chanan, Gregory and Yang, Edward and DeVito, Zachary and Lin, Zeming and Desmaison, Alban and Antiga, Luca and Lerer, Adam},
    booktitle={NIPS-W},
    year={2017}
}

@misc{loshchilov2019decoupled,
      title={Decoupled Weight Decay Regularization}, 
      author={Ilya Loshchilov and Frank Hutter},
      year={2019},
      eprint={1711.05101},
      archivePrefix={arXiv},
      primaryClass={cs.LG}
}

@article{dong2021towards,
  title={Towards robustness against natural language word substitutions},
  author={Dong, Xinshuai and Luu, Anh Tuan and Ji, Rongrong and Liu, Hong},
  journal={arXiv preprint arXiv:2107.13541},
  year={2021}
}

@article{dong2021should,
  title={How should pre-trained language models be fine-tuned towards adversarial robustness?},
  author={Dong, Xinshuai and Luu, Anh Tuan and Lin, Min and Yan, Shuicheng and Zhang, Hanwang},
  journal={Advances in Neural Information Processing Systems},
  volume={34},
  pages={4356--4369},
  year={2021}
}

@inproceedings{zhao2022certified,
  title={Certified robustness against natural language attacks by causal intervention},
  author={Zhao, Haiteng and Ma, Chang and Dong, Xinshuai and Luu, Anh Tuan and Deng, Zhi-Hong and Zhang, Hanwang},
  booktitle={International Conference on Machine Learning},
  pages={26958--26970},
  year={2022},
  organization={PMLR}
}