@misc{gazecapture,
   author = {Krafka, Kyle and Khosla, Aditya and Kellnhofer, Petr and Kannan, Harini and Bhandarkar, Suchendra and Matusik, Wojciech and Torralba, Antonio},
   title = {GazeCapture},
   howpublished = {\url{https://github.com/CSAILVision/GazeCapture}}
}

@article{1975_young_survey,
	title={Survey of eye movement recording methods},
	author={Young, L.R. and Sheena, D.},
	journal={Behavior Research Methods},
	volume={7},
	number={5},
	pages={397--429},
	year={1975},
},

@book{1979_mardia_multivariateanalysis,
	author = {K. V. Mardia and J. T. Kent and J. M. Bibby},
	title = {Multivariate Analysis},
	publisher = {Academic Press},
	year = {1979}
},

@conference{1994_baluja_firstneural,
	title={Non-Intrusive Gaze Tracking Using Artificial Neural Networks},
    author={Baluja, S. and Pomerleau, D.},
	booktitle={Annual Conference on Neural Information Processing Systems (NeurIPS)},
	pages={753-760},
	year={1994},
},

@inproceedings{1996_seitz_view,
	title={View morphing},
	author={Seitz, S.M. and Dyer, C.R.},
	booktitle={ACM SIGGRAPH Annual Conference (SIGGRAPH)},
	pages={21--30},
	year={1996},
},

@inproceedings{1997_avidan_novel,
	title={Novel view synthesis in tensor space},
	author={Avidan, S. and Shashua, A.},
	booktitle={IEEE Conference on Computer Vision and Pattern Recognition (CVPR)},
	pages={1034--1040},
	year={1997},
},

@ARTICLE{1998_lecun_lenet, 
author={Y. {Lecun} and L. {Bottou} and Y. {Bengio} and P. {Haffner}}, 
journal={Proceedings of the IEEE}, 
title={Gradient-based learning applied to document recognition}, 
year={1998}, 
volume={86}, 
number={11}, 
pages={2278-2324}, 
keywords={optical character recognition;multilayer perceptrons;backpropagation;convolution;gradient-based learning;document recognition;multilayer neural networks;back-propagation;gradient based learning technique;complex decision surface synthesis;high-dimensional patterns;handwritten character recognition;handwritten digit recognition task;2D shape variability;document recognition systems;field extraction;segmentation recognition;language modeling;graph transformer networks;GTN;multimodule systems;performance measure minimization;cheque reading;convolutional neural network character recognizers;Neural networks;Pattern recognition;Machine learning;Optical character recognition software;Character recognition;Feature extraction;Multi-layer neural network;Optical computing;Hidden Markov models;Principal component analysis}, 
doi={10.1109/5.726791}, 
ISSN={0018-9219}, 
month={Nov},}

@inproceedings{1998_xu_novel,
	title = {A novel approach to real-time non-intrusive gaze finding},
	booktitle = {British Machine Vision Conference (BMVC)},
	author = {L. Q Xu and D. Machin and P. Sheppard},
	year = {1998},
	pages = {428--437},
},

@article{2000_roweis_nonlinear,
	title={Nonlinear dimensionality reduction by locally linear embedding},
	author={Roweis, Sam T and Saul, Lawrence K},
	journal={Science},
	volume={290},
	number={5500},
	pages={2323--2326},
	year={2000},
},

@article{2000_tenenbaum_geometric,
	title={A global geometric framework for nonlinear dimensionality reduction},
	author={Tenenbaum, J.B. and De Silva, V. and Langford, J.C.},
	journal={Science},
	volume={290},
	number={5500},
	pages={2319--2323},
	year={2000},
},

@article{2001_daszykowski_looking,
	title={Looking for natural patterns in data: Part 1. Density-based approach},
	author={Daszykowski, M and Walczak, B and Massart, DL},
	journal={Chemometrics and Intelligent Laboratory Systems},
	volume={56},
	number={2},
	pages={83--92},
	year={2001},
},

@article{2002_duchowski_breadthfirst,
	title={A breadth-first survey of eye-tracking applications},
	author={Duchowski, Andrew T.},
	journal={Behavior Research Methods Instruments $\&$ Computers},
	volume={34},
	number={4},
	pages={455-470},
	year={2002},
},

@inproceedings{2002_karhan_appearancebased,
	title = {Appearance-based eye gaze estimation},
	booktitle = {IEEE Workshop on Applications of Computer Vision (WACV)},
	author = {{Kar-Han} Tan and {D.J.} Kriegman and N. Ahuja},
	year = {2002},
	pages = {191--195},
},

@article{2003_jacob_commentary,
	title={Commentary on Section 4 â€“ Eye Tracking in Human-Computer Interaction and Usability Research : Ready to Deliver the Promises},
	author={Jacob, Robert J. K. and Karn, Keith S.},
	journal={Minds Eye},
	volume={2},
	number={3},
	pages={573-605},
	year={2003},
},

@conference{2003_wang_singleimage,
	title={Eye gaze estimation from a single image of one eye},
	author={Wang, J.G. and Sung, E. and Venkateswarlu, R.},
	booktitle={International Conference on Computer Vision (ICCV)},
	pages={136--143},
	year={2003},
},

@article{2003_shum_survey,
	title={Survey of image-based representations and compression techniques},
	author={Shum, H.Y. and Kang, S.B. and Chan, S.C.},
	journal={IEEE Transactions on Circuits and Systems for Video Technology},
	volume={13},
	number={11},
	pages={1020--1037},
	year={2003},
},

@inproceedings{2003_beymer_eye,
	title = {Eye gaze tracking using an active stereo head},
	booktitle = {IEEE Conference on Computer Vision and Pattern Recognition (CVPR)},
	author = {D. Beymer and M. Flickner},
	year = {2003},
	pages = {451--458},
},

@article{2004_baker_lucas,
	title={Lucas-kanade 20 years on: A unifying framework},
	author={Baker, S. and Matthews, I.},
	journal={International Journal of Computer Vision},
	volume={56},
	number={3},
	pages={221--255},
	year={2004},
},

@conference{2004_brolly_implicit,
	title={Implicit Calibration of a Remote Gaze Tracker},
	author={Brolly, X.L.C. and Mulligan, J.B.},
	booktitle={IEEE Conference on Computer Vision and Pattern Recognition Workshops (CVPRW)},
	pages={134},
	year={2004},
},

@article{2004_xiao_tri,
	title={Tri-view morphing},
	author={Xiao, J. and Shah, M.},
	journal={Computer Vision and Image Understanding (CVIU)},
	volume={96},
	number={3},
	pages={345--366},
	year={2004},
},

@inproceedings{2004_brox_warpopticalflow,
	author = {T. Brox and A. Bruhn and N. Papenberg and J. Weickert} ,
	title = {High accuracy optical flow estimation based on a theory for warping} ,
	pages = {25--36} ,
	year = {2004} ,
	booktitle = {European Conference on Computer Vision (ECCV)} ,
},

@article{2005_slesareva_opticflow,
	title={Optic flow goes stereo: A variational method for estimating discontinuity-preserving dense disparity maps},
	author={Slesareva, N. and Bruhn, A. and Weickert, J.},
	journal={Pattern Recognition},
	pages={33--40},
	year={2005},
},

@PHDTHESIS{2005_brox_pixels,
	author = {T. Brox} ,
	title = {From pixels to regions: partial differential equations in image analysis} ,
	month = {April} ,
	year = {2005} ,
	address = {Germany} ,
	school = {Faculty of Mathematics and Computer Science, Saarland University} ,
},

@article{2005_yoo_novel,
	title = {A novel non-intrusive eye gaze estimation using cross-ratio under large head motion},
	volume = {98},
	number = {1},
	journal = {Computer Vision and Image Understanding (CVIU)},
	author = {D. H Yoo and M. J Chung},
	year = {2005},
	pages = {25--51},
},

@article{2005_morimoto_interactive,
	title={Eye gaze tracking techniques for interactive applications},
	author={Morimoto, C.H. and Mimica, M.R.M.},
	journal={Computer Vision and Image Understanding (CVIU)},
	volume={98},
	number={1},
	pages={4--24},
	year={2005},
},

@article{2006_guestrin_remote,
	title={General theory of remote gaze estimation using the pupil center and corneal reflections},
	author={Guestrin, E.D. and Eizenman, M.},
	journal={IEEE Transactions on Biomedical Engineering},
	volume={53},
	number={6},
	pages={1124--1133},
	year={2006},
},

@inproceedings{2006_williams_sparse,
	title = {Sparse and Semi-supervised Visual Mapping with the {S\textsuperscript{3}GP}},
	booktitle = {IEEE Conference on Computer Vision and Pattern Recognition (CVPR)},
	pages={230--237},
	author = {O. Williams and A. Blake and R. Cipolla},
	year = {2006},
},

@INPROCEEDINGS{2006_hennessey_single,
	author = {Craig Hennessey},
	title = {A Single Camera Eye-Gaze Tracking System with Free Head Motion},
	booktitle = {Eye Tracking Research and Applications Symposium (ETRA)},
	year = {2006},
	pages = {87--94},
},

@inproceedings{2006_sand_particlevideo,
	title={Particle video: Long-range motion estimation using point trajectories},
	author={Sand, P. and Teller, S.},
	booktitle={IEEE Conference on Computer Vision and Pattern Recognition (CVPR)},
	pages={2195--2202},
	year={2006},
},

@inproceedings{2007_wu_tracking,
	title={Tracking iris contour with a 3D eye-model for gaze estimation},
	author={Wu, H. and Kitagawa, Y. and Wada, T. and Kato, T. and Chen, Q.},
	booktitle={Asian Conference on Computer Vision (ACCV)},
	pages={688--697},
	year={2007},
},

@inproceedings{2007_huguet_variational,
	title={A variational method for scene flow estimation from stereo sequences},
	author={Huguet, F. and Devernay, F.},
	booktitle={International Conference on Computer Vision (ICCV)},
	pages={1--7},
	year={2007},
},

@ARTICLE{2007_zhu_novel,
	author={Zhiwei Zhu and Qiang Ji},
	journal={IEEE Transactions on Biomedical Engineering},
	title={Novel Eye Gaze Tracking Techniques Under Natural Head Movement},
	year={2007},
	volume={54},
	number={12},
	pages={2246 -2260},
},

@Article{2008_lepetit_epnp,
	author= {Lepetit, Vincent and Moreno-Noguer, Francesc and Fua, Pascal},
	title= {EPnP: An Accurate O(n) Solution to the PnP Problem},
	journal= {International Journal of Computer Vision},
	year= {2008},
	volume= {81},
	number= {2},
	pages= {155},
},

@conference{2008_valent_accurate,
	title={{Accurate eye center location and tracking using isophote curvature}},
	author={Valenti, R. and Gevers, T.},
	booktitle={IEEE Conference on Computer Vision and Pattern Recognition (CVPR)},
	pages={1--8},
	year={2008},
},

@inproceedings{2008_yamazoe_RGE,
	author = {Yamazoe, Hirotake and Utsumi, Akira and Yonezawa, Tomoko and Abe, Shinji},
	title = {Remote Gaze Estimation with a Single Camera Based on Facial-feature Tracking Without Special Calibration Actions},
	booktitle = {Eye Tracking Research and Applications Symposium (ETRA)},
	year = {2008},
	pages = {245--250},
},

@ARTICLE{2008_villanueva_novel,
	author={Villanueva, A. and Cabeza, R.},
	journal={IEEE Transactions on Systems, Man, and Cybernetics, Part B: Cybernetics},
	title={A Novel Gaze Estimation System With One Calibration Point},
	year={2008},
	volume={38},
	number={4},
	pages={1123 -1138},
},

@inproceedings{2008_noris_calibration,
  author = {Noris, Basilio and Benmachiche, Karim and Billard, Aude},
  booktitle = {International Conference on Vision Theory and Applications (VISAPP)},
  pages = {611-616},
  title = {Calibration-Free Eye Gaze Direction Detection with Gaussian Processes},
  year = 2008
},

@ARTICLE{2008_rajashekar_gaffe,
	author={Rajashekar, U. and van der Linde, I. and Bovik, A.C. and Cormack, L.K.},
	journal={IEEE Transactions on Image Processing},
	title={GAFFE: A Gaze-Attentive Fixation Finding Engine},
	year={2008},
	volume={17},
	number={4},
	pages={564-573},
},

@inproceedings{2008_wedel_efficientdense,
	title={Efficient Dense Scene Flow from Sparse or Dense Stereo Data},
	author={Wedel, A. and Rabe, C. and Vaudrey, T. and Brox, T. and Franke, U. and Cremers, D.},
	booktitle={European Conference on Computer Vision (ECCV)},
	pages={739--751},
	year={2008},
},

@inproceedings{2009_su_learning,
	title={Learning a dense multi-view representation for detection, viewpoint classification and synthesis of object categories},
	author={Su, H. and Sun, M. and Fei-Fei, L. and Savarese, S.},
	booktitle={International Conference on Computer Vision (ICCV)},
	pages={213--220},
	year={2009},
},


@INPROCEEDINGS{2009_nitschke_display,
	author={Nitschke, C. and Nakazawa, A. and Takemura, H.},
	booktitle={IEEE Conference on Computer Vision and Pattern Recognition (CVPR)},
	title={Display-camera calibration from eye reflections},
	year={2009},
	pages={1226 -1233},
},

@inproceedings{2009_asteriadis_naturaldataset,
	author = {Asteriadis, Stylianos and Soufleros, Dimitris and Karpouzis, Kostas and Kollias, Stefanos},
	title = {A Natural Head Pose and Eye Gaze Dataset},
	booktitle = {International Workshop on Affective-Aware Virtual Agents and Social Robots},
	year = {2009},
	pages = {1:1--1:4},
},

@inproceedings{2010_Nguyen_egt,
	author = {Nguyen, Ba Linh and Chahir, Youssef and Molina, Mich\`{e}le and Tijus, Charles and Jouen, Fran\c{c}ois},
	title = {Eye Gaze Tracking with Free Head Movements Using a Single Camera},
	booktitle = {International Symposium on Information and Communication Technology},
	year = {2010},
	pages = {108--113},
},

@inproceedings{2010_ramanathan_eyefixationdataset,
	author = {Ramanathan, Subramanian and Katti, Harish and Sebe, Nicu and Kankanhalli, Mohan and Chua, Tat-Seng},
	title = {An Eye Fixation Database for Saliency Detection in Images},
	booktitle = {European Conference on Computer Vision (ECCV)},
	year = {2010},
	pages = {30--43},
},

@article{2010_hansen_survey,
	title = {In the Eye of the Beholder: A Survey of Models for Eyes and Gaze},
	volume = {32},
	number = {3},
	journal = {IEEE Transactions on Pattern Analysis and Machine Intelligence},
	author = {{D.W.} Hansen and Qiang Ji},
	year = {2010},
	pages = {478--500},
},

@conference{2010_sugano_calibrationfree,
	title={Calibration-free gaze sensing using saliency maps},
	author={Sugano, Y. and Matsushita, Y. and Sato, Y.},
	booktitle={IEEE Conference on Computer Vision and Pattern Recognition(CVPR)},
	pages={2667--2674},
	year={2010},
},


@inproceedings{2011_lu_adaptive,
	title={Inferring human gaze from appearance via adaptive linear regression},
	author={Lu, Feng and Sugano, Yusuke and Okabe, Takahiro and Sato, Yoichi},
	booktitle={International Conference on Computer Vision (ICCV)},
	pages={153-160},
	year={2011},
},

@inproceedings{2011_heyman_3D,
	author = {T. Heyman, and V. Spruyt, and Alessandro, Ledda},
	title = {3D face tracking and gaze estimation using a monocular camera},
	booktitle = {International Conference on Positioning and Context-Awareness},
	year = {2011},
}

@inproceedings{2011_chen_probabilistic,
	title={Probabilistic Gaze Estimation Without Active Personal Calibration},
	author={Chen, J. and Ji, Q.},
	booktitle={IEEE Conference on Computer Vision and Pattern Recognition (CVPR)},
	pages={609--616},
	year={2011},
},

@INPROCEEDINGS{2011_benfold_scenespecific,
	author={Benfold, B. and Reid, I.},
	booktitle={International Conference on Computer Vision (ICCV)},
	title={Unsupervised learning of a scene-specific coarse gaze estimator},
	year={2011},
	pages={2344--2351},
},

@article{2011_lu_headposefree,
	title={A Head Pose-free Approach for Appearance-based Gaze Estimation},
	author={Lu, Feng and Okabe, Takahiro and Sugano, Yusuke and Sato, Yoichi},
	journal={British Machine Vision Conference (BMVC)},
	year={2011},
},


@article{2012_valenti_combineheadpose,
	title={Combining head pose and eye location information for gaze estimation.},
	author={Valenti, R and Sebe, N and Gevers, T},
	journal={IEEE Transactions on Image Processing},
	volume={21},
	number={2},
	pages={802-815},
	year={2012},
},

@ARTICLE {2012_coutinho_improving,
	author = {Coutinho, Flavio L. and Morimoto, Carlos H.},
	title = {Improving Head Movement Tolerance of Cross-Ratio Based Eye Trackers},
	journal = {International Journal of Computer Vision},
	pages = {1-23},
	year = {2012},
},


@INPROCEEDINGS{2012_nakazawa_point,
	title={Point of Gaze Estimation through Corneal Surface Reflection in an Active Illumination Environment},
	author={Nakazawa, A. and Nitschke, C.},
	booktitle={European Conference on Computer Vision (ECCV)},
	pages={159--172},
	year={2012},
},


@article{2012_roberto_accurate,
	author = {Roberto Valenti and Theo Gevers},
	title = {Accurate Eye Center Location through Invariant Isocentric Patterns},
	journal ={IEEE Transactions on Pattern Analysis and Machine Intelligence},
	volume = {34},
	year = {2012},
	pages = {1785-1798},
},


@inproceedings{2012_alex_imagenet,
	title={ImageNet classification with deep convolutional neural networks},
	author={Krizhevsky Alex and Sutskever Ilya and Hinton Geoffrey E.},
	booktitle={Annual Conference on Neural Information Processing Systems (NeurIPS)},
	pages={1097-1105},
	year={2012},
},

@INPROCEEDINGS{2012_martinez_regression,
author={Martinez, F. and Carbone, A. and Pissaloux, E.},
booktitle={International Conference on Image Processing (ICIP)},
title={Gaze estimation using local features and non-linear regression},
year={2012},
pages={1961-1964},
},

@inproceedings{2012_fathi_Learning,
	booktitle = {European Conference on Computer Vision (ECCV)},
	year      = {2012},
	author    = {Alireza Fathi and Yin Li and James M. Rehg},
	title     = {Learning to Recognize Daily Actions Using Gaze},
	pages     = {314--327}
},


@inproceedings{2012_lu_synthesis,
	title={Head pose-free appearance-based gaze sensing via eye image synthesis},
	author={Feng Lu and Yusuke Sugano and Takahiro Okabe and Yoichi Sato},
	booktitle={International Conference on Pattern Recognition (ICCV)},
	pages={1008-1011},
	year={2012},
},

@article{2012_borji_visualattention,
	title={State-of-the-Art in Visual Attention Modeling},
	author={Borji, A. and Itti, L.},
	journal={IEEE Transactions on Pattern Analysis and Machine Intelligence},
	volume={35},
	number={1},
	pages={185-207},
	year={2012},
},


@INPROCEEDINGS{2012_mora_multimodal,
	author={Funes Mora, K.A. and Odobez, J.},
	booktitle={IEEE Conference on Computer Vision and Pattern Recognition Workshops (CVPRW)},
	title={Gaze estimation from multimodal Kinect data},
	year={2012},
	pages={25-30},
},

@inproceedings{2013_liang_gaussian,
 author = {Liang, Ke and Chahir, Youssef and Molina, Mich\`{e}le and Tijus, Charles and Jouen, Fran\c{c}ois},
 title = {Appearance-based Gaze Tracking with Spectral Clustering and Semi-supervised Gaussian Process Regression},
 booktitle = {Conference on Eye Tracking South Africa (ETSA)},
 year = {2013},
 pages = {17--23},
},

@inproceedings{2013_kunze_know,
	author = "Kunze, Kai and Utsumi, Yuzuko and Shiga, Yuki and Kise, Koichi and Bulling, Andreas",
	organization = "ACM",
	booktitle = "International symposium on International symposium on wearable computers (ISWC)",
	year = "2013",
	pages = "113--116",
	title = "I know what you are reading: recognition of document types using mobile eye tracking"
},

@inproceedings{2013_kunze_wordometer,
	author = "Kunze, Kai and Kawaichi, Hitoshi and Yoshimura, Kazuyo and Kise, Koichi",
	organization = "IEEE",
	booktitle = "International Conference on Document Analysis and Recognition (ICDAR)",
	year = "2013",
	pages = "25--29",
	title = "The Wordometer--Estimating the Number of Words Read Using Document Image Retrieval and Mobile Eye Tracking"
}

@INPROCEEDINGS{2013_mora_rgbd,
author={Mora, Kenneth Alberto Funes and Odobez, Jean Marc},
booktitle={International Conference on Image Processing (ICIP)},
title={Person Independent 3D Gaze Estimation From Remote RGB-D Cameras},
year={2013},
},

@article{2013_sugano_appearance,
	title={Appearance-Based Gaze Estimation Using Visual Saliency},
	author={Sugano, Y. and Matsushita, Y. and Sato, Y.},
	journal={IEEE Transactions on Pattern Analysis and Machine Intelligence},
	volume={35},
	number={2},
	pages={329},
	year={2013},
},


@inproceedings{2013_he_visual,
	author = {Shengfeng He and Qingxiong Yang and Rynson W.H. Lau and Jiang Wang and Ming-Hsuan Yang},
	title = {Visual Tracking via Locality Sensitive Histograms},
	booktitle = {IEEE Conference on Computer Vision and Pattern Recognition (CVPR)},
	pages = {2427-2434},
	year = {2013}
},

@ARTICLE{2013_cheng_footballvideo,
	author={Qin Cheng and Agrafiotis, D. and Achim, A.M. and Bull, D.R.},
	journal={IEEE Transactions on Image Processing},
	title={Gaze Location Prediction for Broadcast Football Video},
	year={2013},
	volume={22},
	number={12},
	pages={4918-4929},
},

@inproceedings{2013_alnajar_calibrationfree,
	author = {Fares Alnajar and Theo Gevers and Roberto Valenti and Sennay Ghebreab},
	title = {Calibration-Free Gaze Estimation Using Human Gaze Patterns},
	booktitle = {International Conference on Computer Vision (ICCV)},
	year = {2013},
}

@article{2014_Kingma_Adam,
  title={Adam: A Method for Stochastic Optimization},
  author={Kingma, Diederik and Ba, Jimmy},
  journal={Computer Science},
  year={2014},
}

@article{2014_lu_headmotion,
 author = {Lu, Feng and Okabe, Takahiro and Sugano, Yusuke and Sato, Yoichi},
 title = {Learning Gaze Biases with Head Motion for Head Pose-free Gaze Estimation},
 journal = {Image and Vision Computing (IVC)},
 volume = {32},
 number = {3},
 pages={169-179},
 year = {2014},
},


@ARTICLE{2014_lu_adaptive,
	author={Feng Lu and Sugano, Y. and Okabe, T. and Sato, Y.},
	journal={IEEE Transactions on Pattern Analysis and Machine Intelligence},
	title={Adaptive Linear Regression for Appearance-Based Gaze Estimation},
	year={2014},
	volume={36},
	number={10},
	pages={2033-2046},
},


@article{2014_xiong_rgbdcamera,
	title={Eye gaze tracking using an RGBD camera: a comparison with a RGB solution},
	author={Xiong, Xuehan and Liu, Zicheng and Cai, Qin and Zhang, Zhengyou},
	journal={Proceedings of the 2014 ACM International Joint Conference on Pervasive and Ubiquitous Computing: Adjunct Publication},
	pages={1113-1121},
	year={2014},
},

@inproceedings{2014_sugano_learning,
	title={Learning-by-Synthesis for Appearance-Based 3D Gaze Estimation},
	author={Sugano, Yusuke and Matsushita, Yasuyuki and Sato, Yoichi},
	booktitle={IEEE Conference on Computer Vision and Pattern Recognition (CVPR)},
	pages={1821-1828},
	year={2014},
},

@inproceedings{2014_mora_eyediap,
	title={EYEDIAP:a database for the development and evaluation of gaze estimation algorithms from RGB and RGB-D cameras},
	author={Mora, Kenneth Alberto Funes and Monay, Florent and Odobez, Jean Marc},
	booktitle={Eye Tracking Research and Applications Symposium (ETRA)},
	pages={255-258},
	year={2014},
},

@article{2014_cho_gru,
  title={Learning phrase representations using RNN encoder-decoder for statistical machine translation},
  author={Cho, Kyunghyun and Van Merri{\"e}nboer, Bart and Gulcehre, Caglar and Bahdanau, Dzmitry and Bougares, Fethi and Schwenk, Holger and Bengio, Yoshua},
  journal={arXiv preprint arXiv:1406.1078},
  year={2014}
},

@INPROCEEDINGS{2014_mora_geometric,
	author = {Funes Mora, Kenneth Alberto and Odobez, Jean-Marc},
	title = {Geometric Generative Gaze Estimation (G3E) for Remote RGB-D Cameras},
	booktitle = {IEEE Conference on Computer Vision and Pattern Recognition (CVPR)},
	year = {2014},
	pages = {1773-1780},
},

@INPROCEEDINGS{2014_schneider_manifold,
	author={Schneider, T. and Schauerte, B. and Stiefelhagen, R.},
	booktitle={International Conference on Pattern Recognition (ICPR)},
	title={Manifold Alignment for Person Independent Appearance-Based Gaze Estimation},
	year={2014},
	pages={1167-1172},
},

@INPROCEEDINGS{2014_karen_vgg,
	author={Karen,Simonyan and Andrew,Zisserman},
	booktitle={IEEE Conference on Computer Vision and Pattern Recognition (CVPR)},
	title={Very Deep Convolutional Networks for Large-Scale Image Recognition},
	year={2014},
},

@article{2014_sun_statisticalmodel,
	title={Toward Statistical Modeling of Saccadic Eye-Movement and Visual Saliency},
	author={Sun, Xiaoshuai and Yao, Hongxun and Ji, Rongrong and Liu, Xian Ming},
	journal={IEEE Transactions on Image Processing},
	volume={23},
	number={11},
	pages={4649},
	year={2014},
},

@misc{2015_tensorflow_whitepaper,
title={ {TensorFlow}: Large-Scale Machine Learning on Heterogeneous Systems},
url={https://www.tensorflow.org/},
note={Software available from tensorflow.org},
author={
    Mart\'{\i}n~Abadi and
    Ashish~Agarwal and
    Paul~Barham and
    Eugene~Brevdo and
    Zhifeng~Chen and
    Craig~Citro and
    Greg~S.~Corrado and
    Andy~Davis and
    Jeffrey~Dean and
    Matthieu~Devin and
    Sanjay~Ghemawat and
    Ian~Goodfellow and
    Andrew~Harp and
    Geoffrey~Irving and
    Michael~Isard and
    Yangqing Jia and
    Rafal~Jozefowicz and
    Lukasz~Kaiser and
    Manjunath~Kudlur and
    Josh~Levenberg and
    Dandelion~Man\'{e} and
    Rajat~Monga and
    Sherry~Moore and
    Derek~Murray and
    Chris~Olah and
    Mike~Schuster and
    Jonathon~Shlens and
    Benoit~Steiner and
    Ilya~Sutskever and
    Kunal~Talwar and
    Paul~Tucker and
    Vincent~Vanhoucke and
    Vijay~Vasudevan and
    Fernanda~Vi\'{e}gas and
    Oriol~Vinyals and
    Pete~Warden and
    Martin~Wattenberg and
    Martin~Wicke and
    Yuan~Yu and
    Xiaoqiang~Zheng},
  year={2015},
}

@inproceedings{2015_bah_attention,
	title={Neural Machine Translation by Jointly Learning to Align and Translate},
	author={Dzmitry Bahdanau, Kyunghyun Cho, Yoshua Bengio},
	booktitle={International Conference on Learning Representations (ICLR)},
	year={2015},
},

@ARTICLE{2015_liang_higherlevel,
	author={Ming Liang and Xiaolin Hu},
	journal={IEEE Transactions on Image Processing},
	title={Predicting Eye Fixations With Higher-Level Visual Features},
	year={2015},
	volume={24},
	number={3},
	pages={1178-1189},
},

@inproceedings{2015_zhang_appearancewild,
	title={Appearance-based gaze estimation in the wild},
	author={Zhang, Xucong and Sugano, Yusuke and Fritz, Mario and Bulling, Andreas},
	booktitle={IEEE Conference on Computer Vision and Pattern Recognition (CVPR)},
	pages={4511-4520},
	year={2015},
},

@inproceedings{2015_Ioffe_batch,
  title={Batch Normalization: Accelerating Deep Network Training by Reducing Internal Covariate Shift},
  booktitle={International Conference on Machine Learning (ICML)},
  author={Ioffe, Sergey and Szegedy, Christian},
  year={2015},
  pages = {448â€“456},
}

@ARTICLE{2015_sugano_mouse, 
	author={Sugano, Y. and Matsushita, Y. and Sato, Y. and Koike, H.}, 
	journal={IEEE Transactions on Human-Machine Systems}, 
	title={Appearance-Based Gaze Estimation With Online Calibration From Mouse Operations}, 
	year={2015}, 
	volume={45}, 
	number={6}, 
	pages={750--760}, 
},

@inproceedings{2015_he_msra,
  title={Delving Deep into Rectifiers: Surpassing Human-Level Performance on ImageNet Classification},
  author={He, Kaiming and Zhang, Xiangyu and Ren, Shaoqing and Jian, Sun},
  booktitle = {International Conference on Computer Vision (ICCV)},
  year={2015},
},

@article{2015_ren_fastercnn,
	title={Faster R-CNN: Towards Real-Time Object Detection with Region Proposal Networks},
	author={Ren, Shaoqing and He, Kaiming and Girshick, Ross and Sun, Jian},
	journal={IEEE Transactions on Pattern Analysis and Machine Intelligence},
	volume={39},
	number={6},
	pages={1137},
	year={2015},
},

@article{2015_lu_synthesis,
	title={Gaze Estimation from Eye Appearance: A Head Pose-Free Method via Eye Image Synthesis},
	author={Feng Lu and Takahiro Okabe and Yusuke Sugano and Yoichi Sato},
	journal={IEEE Transactions on Image Processing},
	volume={24},
	number={11},
	pages={3680-3693},
	year={2015},
},

@inproceedings{2016_sugano_aggregaze,
	title = {AggreGaze: Collective Estimation of Audience Attention on Public Displays},
	author = {Yusuke Sugano and Xucong Zhang and Andreas Bulling},
	year = {2016},
	booktitle = {ACM Symposium on User Interface Software and Technology (UIST)},
	pages = {821-831},
},

@inproceedings{2016_wood_learning,
	title = {Learning an Appearance-Based Gaze Estimator from One Million Synthesised Images},
	author = {Wood, Erroll and Baltru{\v{s}}aitis, Tadas and Morency, Louis-Philippe and Robinson, Peter and Bulling, Andreas},
	pages = {131--138},
	year = {2016},
	booktitle = {Eye Tracking Research and Applications Symposium (ETRA)}
},

@techreport{2016_amos_openface,
	title={OpenFace: A general-purpose face recognition	library with mobile applications},
	author={Amos Brandon and Bartosz Ludwiczuk and Satyanarayanan Mahadev},
	year={2016},
	institution={CMU-CS-16-118, CMU School of Computer Science},
},

@inproceedings{2016_anjul_vr,
  title={Perceptually-based foveated virtual reality},
  author={Patney, Anjul and Kim, Joohwan and Salvi, Marco and Kaplanyan, Anton and Luebke, David},
  booktitle={Acm SIGGRAPH Emerging Technologies},
  year={2016},
}ï¼Œ
@inproceedings{2016_krafka_itrack,
	title={Eye Tracking for Everyone},
	author={Krafka, Kyle and Khosla, Aditya and Kellnhofer, Petr and Kannan, Harini and Bhandarkar, Suchendra and Matusik, Wojciech and Torralba, Antonio},
	booktitle={IEEE Conference on Computer Vision and Pattern Recognition (CVPR)},
	pages={2176-2184},
	year={2016},
},

@article{2017_long_fullycnn,
	title={Fully convolutional networks for semantic segmentation},
	author={Long, Jonathan and Shelhamer, Evan and Darrell, Trevor},
	journal={IEEE Transactions on Pattern Analysis and Machine Intelligence},
	volume={39},
	number={4},
	pages={640},
	year={2017},
},

@inproceedings{2017_zhang_contact,
	title = {Everyday Eye Contact Detection Using Unsupervised Gaze Target Discovery},
	author = {Xucong Zhang and Yusuke Sugano and Andreas Bulling},
	booktitle = {ACM Symposium on User Interface Software and Technology (UIST)},
	year = {2017},
},

@inproceedings{2017_zhang_fullface,
	title = {Itâ€™s Written All Over Your Face: Full-Face Appearance-Based Gaze Estimation},
	author = {Xucong Zhang and Yusuke Sugano and Mario Fritz and Andreas Bulling},
	year = {2017},
	booktitle = {IEEE Conference on Computer Vision and Pattern Recognition Workshops (CVPRW))},
}ï¼Œ

@inproceedings{2017_zhu_monocular,
	author = {Zhu, Wangjiang and Deng, Haoping},
	title = {Monocular Free-Head 3D Gaze Tracking With Deep Learning and Geometry Constraints},
	booktitle = {International Conference on Computer Vision (ICCV)},
	year = {2017}
},

@inproceedings{2017_wang_realtime,
	author = {Wang, Kang and Ji, Qiang},
	title = {Real Time Eye Gaze Tracking With 3D Deformable Eye-Face Model},
	booktitle = {International Conference on Computer Vision (ICCV)},
	year = {2017}
},

@incollection{2017_ash_attention,
title = {Attention is All you Need},
author = {Vaswani, Ashish and Shazeer, Noam and Parmar, Niki and Uszkoreit, Jakob and Jones, Llion and Gomez, Aidan N and Kaiser, \L ukasz and Polosukhin, Illia},
booktitle = {Annual Conference on Neural Information Processing Systems (NeurIPS)},
pages = {5998--6008},
year = {2017},
},

@ARTICLE{2017_lu_uncalibrated, 
	author={Feng Lu and Xiaowu Chen and and Yoichi Sato}, 
	journal={IEEE Transactions on Image Processing}, 
	title={Appearance-Based Gaze Estimation via Uncalibrated Gaze Pattern Recovery}, 
	year={2017}, 
	volume={26}, 
	number={4}, 
	pages={1543-1553}, 
},


@article{huang2017tabletgaze,
  title={TabletGaze: dataset and analysis for unconstrained appearance-based gaze estimation in mobile tablets},
  author={Huang, Qiong and Veeraraghavan, Ashok and Sabharwal, Ashutosh},
  journal={Machine Vision and Applications},
  volume={28},
  number={5-6},
  pages={445--461},
  year={2017},
  publisher={Springer}
},

@article{2017_zhang_gazenet,
	author = {Zhang, Xucong and Sugano, Yusuke and Fritz, Mario and Bulling, Andreas},
	year = {2017},
	month = {11},
	title = {MPIIGaze: Real-World Dataset and Deep Appearance-Based Gaze Estimation},
	volume = {PP},
	journal = {IEEE Transactions on Pattern Analysis and Machine Intelligence}
},

@ARTICLE{2018_alshawi_saliency, 
author={T. {Alshawi} and Z. {Long} and G. {AlRegib}}, 
journal={IEEE Transactions on Image Processing}, 
title={Unsupervised Uncertainty Estimation Using Spatiotemporal Cues in Video Saliency Detection}, 
year={2018}, 
volume={27}, 
number={6}, 
pages={2818-2827}, 
keywords={estimation theory;image colour analysis;image motion analysis;object detection;spatiotemporal phenomena;unsupervised learning;video signal processing;video saliency detection;video processing algorithms;video processing applications;eye-fixation map;spatiotemporal correlations;reliable saliency map;pixel-wise uncertainty map;associated computational saliency map;uncertainty estimation performance;spatiotemporal video signals;unsupervised uncertainty estimation;uncertainty estimation methods;spatiotemporal eye-fixation data;Uncertainty;Entropy;Visualization;Reliability;Saliency detection;Correlation;Estimation;Unsupervised estimation;saliency detection;uncertainty;video signal processing;visual attention;video saliency learning}, 
doi={10.1109/TIP.2018.2813159}, 
ISSN={1057-7149}, 
month={June},}

@inproceedings{2018_ranjan_light,
	author = {Ranjan, Rajeev and De Mello, Shalini and Kautz, Jan},
	year = {2018},
	booktitle = {IEEE Conference on Computer Vision and Pattern Recognition Workshops (CVPRW)},
	title = {Light-weight Head Pose Invariant Gaze Tracking}
},

@inproceedings{2018_khamis_understanding,
	title={Understanding Face and Eye Visibility in Front-Facing Cameras of Smartphones used in the Wild},
	author={Khamis, Mohamed and Baier, Anita and Henze, Niels and Alt, Florian and Bulling, Andreas},
	booktitle={ACM Conference on Human Factors in Computing Systems (CHI)},
	year={2018},
},

@INPROCEEDINGS{2018_liu_differential,
         author = {Liu, Gang and Yu, Yu and Funes Mora, Kenneth Alberto and Odobez, Jean-Marc},
       projects = {REGENN, Idiap},
          title = {A Differential Approach for Gaze Estimation with Calibration},
      booktitle = {British Machine Vision Conference (BMVC)},
           year = {2018},
            pdf = {http://publications.idiap.ch/downloads/papers/2018/Liu_BMVC_2018.pdf}
},

@INPROCEEDINGS{2018_cheng_asymmetric,
         author = {Cheng,YiHua and Lu,Feng and Zhang,XuCong},
          title = {Appearance-Based Gaze Estimation via Evaluation-Guided Asymmetric Regression},
      booktitle = {European Conference on Computer Vision (ECCV)},
           year = {2018}
},

@INPROCEEDINGS{2018_zhao_dilated,
         author = {Zhaokang Chen and Bertram E. Shi},
          title = {Appearance-Based Gaze Estimation Using Dilated-Convolutions},
      booktitle = {Asian Conference on Computer Vision (ACCV)},
           year = {2018}
},

@INPROCEEDINGS{2018_tobias_rt,
         author = {Tobias Fischer and HyungJin Chang and Yiannis Demiris},
          title = {RT-GENE: Real-Time Eye Gaze Estimation in Natural Environments},
      booktitle = {European Conference on Computer Vision (ECCV)},
           year = {2018}
},

@INPROCEEDINGS{2018_yu_deep,
         author = {Yu Yu and Gang Liu and Jean-Marc Odobez},
          title = {Deep Multitask Gaze Estimation with a Constrained Landmark-Gaze Model},
      booktitle = {European Conference on Computer Vision Workshops (ECCVW)},
           year = {2018}
},

@INPROCEEDINGS{2019_xiong_mixed,
         author = {Yunyang Xiong and Hyunwoo J. Kim},
          title = {Mixed Effects Neural Networks (MeNets) with Applications to Gaze Estimation},
      booktitle = {IEEE Conference on Computer Vision and Pattern Recognition (CVPR)},
           year = {2019}
},

@INPROCEEDINGS{2019_park_fewshot,
         author = {Seonwook Park and Shalini De Mello and Pavlo Molchanov and Umar Iqbal and Otmar Hilliges and Jan Kautz},
          title = {Few-shot Adaptive Gaze Estimation},
      booktitle = {International Conference on Computer Vision (ICCV)},
           year = {2019}
},


