@article{kipf2016semi,
  title={Semi-supervised classification with graph convolutional networks},
  author={Kipf, Thomas N and Welling, Max},
  journal={arXiv preprint arXiv:1609.02907},
  year={2016}
}


@inproceedings{bianchi2020spectral,
  title={Spectral clustering with graph neural networks for graph pooling},
  author={Bianchi, Filippo Maria and Grattarola, Daniele and Alippi, Cesare},
  booktitle={International Conference on Machine Learning},
  pages={874--883},
  year={2020},
  organization={PMLR}
}

@article{wilder2019end,
  title={End to end learning and optimization on graphs},
  author={Wilder, Bryan and Ewing, Eric and Dilkina, Bistra and Tambe, Milind},
  journal={Advances in Neural Information Processing Systems},
  volume={32},
  year={2019}
}

@article{newman2006modularity,
  title={Modularity and community structure in networks},
  author={Newman, Mark EJ},
  journal={Proceedings of the national academy of sciences},
  volume={103},
  number={23},
  pages={8577--8582},
  year={2006},
  publisher={National Acad Sciences}
}

@article{fortunato2016community,
  title={Community detection in networks: A user guide},
  author={Fortunato, Santo and Hric, Darko},
  journal={Physics reports},
  volume={659},
  pages={1--44},
  year={2016},
  publisher={Elsevier}
}

@article{klambauer2017self,
  title={Self-normalizing neural networks},
  author={Klambauer, G{\"u}nter and Unterthiner, Thomas and Mayr, Andreas and Hochreiter, Sepp},
  journal={Advances in neural information processing systems},
  volume={30},
  year={2017}
}


@article{sen2008collective,
  title={Collective classification in network data},
  author={Sen, Prithviraj and Namata, Galileo and Bilgic, Mustafa and Getoor, Lise and Galligher, Brian and Eliassi-Rad, Tina},
  journal={AI magazine},
  volume={29},
  number={3},
  pages={93--93},
  year={2008}
}

@article{shchur2018pitfalls,
  title={Pitfalls of graph neural network evaluation},
  author={Shchur, Oleksandr and Mumme, Maximilian and Bojchevski, Aleksandar and G{\"u}nnemann, Stephan},
  journal={arXiv preprint arXiv:1811.05868},
  year={2018}
}


@article{shchur2019overlapping,
  title={Overlapping community detection with graph neural networks},
  author={Shchur, Oleksandr and G{\"u}nnemann, Stephan},
  journal={arXiv preprint arXiv:1909.12201},
  year={2019}
}

@article{brandes2006maximizing,
  title={Maximizing modularity is hard},
  author={Brandes, Ulrik and Delling, Daniel and Gaertler, Marco and G{\"o}rke, Robert and Hoefer, Martin and Nikoloski, Zoran and Wagner, Dorothea},
  journal={arXiv preprint physics/0608255},
  year={2006}
}


@article{zhang1996birch,
  title={BIRCH: an efficient data clustering method for very large databases},
  author={Zhang, Tian and Ramakrishnan, Raghu and Livny, Miron},
  journal={ACM sigmod record},
  volume={25},
  number={2},
  pages={103--114},
  year={1996},
  publisher={ACM New York, NY, USA}
}

@article{mullner2011modern,
  title={Modern hierarchical, agglomerative clustering algorithms},
  author={M{\"u}llner, Daniel},
  journal={arXiv preprint arXiv:1109.2378},
  year={2011}
}

@article{newman2006finding,
  title={Finding community structure in networks using the eigenvectors of matrices},
  author={Newman, Mark EJ},
  journal={Physical review E},
  volume={74},
  number={3},
  pages={036104},
  year={2006},
  publisher={APS}
}

@article{zhou2020graph,
  title={Graph neural networks: A review of methods and applications},
  author={Zhou, Jie and Cui, Ganqu and Hu, Shengding and Zhang, Zhengyan and Yang, Cheng and Liu, Zhiyuan and Wang, Lifeng and Li, Changcheng and Sun, Maosong},
  journal={AI open},
  volume={1},
  pages={57--81},
  year={2020},
  publisher={Elsevier}
}

@article{scarselli2008graph,
  title={The graph neural network model},
  author={Scarselli, Franco and Gori, Marco and Tsoi, Ah Chung and Hagenbuchner, Markus and Monfardini, Gabriele},
  journal={IEEE transactions on neural networks},
  volume={20},
  number={1},
  pages={61--80},
  year={2008},
  publisher={IEEE}
}

@article{hamilton2017inductive,
  title={Inductive representation learning on large graphs},
  author={Hamilton, Will and Ying, Zhitao and Leskovec, Jure},
  journal={Advances in neural information processing systems},
  volume={30},
  year={2017}
}

@article{velickovic2017graph,
  title={Graph attention networks},
  author={Velickovic, Petar and Cucurull, Guillem and Casanova, Arantxa and Romero, Adriana and Lio, Pietro and Bengio, Yoshua and others},
  journal={stat},
  volume={1050},
  number={20},
  pages={10--48550},
  year={2017}
}


@article{clauset2004finding,
  title={Finding community structure in very large networks},
  author={Clauset, Aaron and Newman, Mark EJ and Moore, Cristopher},
  journal={Physical review E},
  volume={70},
  number={6},
  pages={066111},
  year={2004},
  publisher={APS}
}

@article{blondel2008fast,
  title={Fast unfolding of communities in large networks},
  author={Blondel, Vincent D and Guillaume, Jean-Loup and Lambiotte, Renaud and Lefebvre, Etienne},
  journal={Journal of statistical mechanics: theory and experiment},
  volume={2008},
  number={10},
  pages={P10008},
  year={2008},
  publisher={IOP Publishing}
}

@inproceedings{yang2016modularity,
  title={Modularity based community detection with deep learning.},
  author={Yang, Liang and Cao, Xiaochun and He, Dongxiao and Wang, Chuan and Wang, Xiao and Zhang, Weixiong},
  booktitle={IJCAI},
  volume={16},
  number={2016},
  pages={2252--2258},
  year={2016}
}

@article{lloyd1982least,
  title={Least squares quantization in PCM},
  author={Lloyd, Stuart},
  journal={IEEE transactions on information theory},
  volume={28},
  number={2},
  pages={129--137},
  year={1982},
  publisher={IEEE}
}

@inproceedings{arthur2007k,
  title={K-means++ the advantages of careful seeding},
  author={Arthur, David and Vassilvitskii, Sergei},
  booktitle={Proceedings of the eighteenth annual ACM-SIAM symposium on Discrete algorithms},
  pages={1027--1035},
  year={2007}
}

@article{peixoto2014efficient,
  title={Efficient Monte Carlo and greedy heuristic for the inference of stochastic block models},
  author={Peixoto, Tiago P},
  journal={Physical Review E},
  volume={89},
  number={1},
  pages={012804},
  year={2014},
  publisher={APS}
}

@inproceedings{perozzi2014deepwalk,
  title={Deepwalk: Online learning of social representations},
  author={Perozzi, Bryan and Al-Rfou, Rami and Skiena, Steven},
  booktitle={Proceedings of the 20th ACM SIGKDD international conference on Knowledge discovery and data mining},
  pages={701--710},
  year={2014}
}

@article{velivckovic2018deep,
  title={Deep graph infomax},
  author={Veli{\v{c}}kovi{\'c}, Petar and Fedus, William and Hamilton, William L and Li{\`o}, Pietro and Bengio, Yoshua and Hjelm, R Devon},
  journal={arXiv preprint arXiv:1809.10341},
  year={2018}
}

@article{zhang2019attributed,
  title={Attributed graph clustering via adaptive graph convolution},
  author={Zhang, Xiaotong and Liu, Han and Li, Qimai and Wu, Xiao-Ming},
  journal={arXiv preprint arXiv:1906.01210},
  year={2019}
}


@article{wang2019attributed,
  title={Attributed graph clustering: A deep attentional embedding approach},
  author={Wang, Chun and Pan, Shirui and Hu, Ruiqi and Long, Guodong and Jiang, Jing and Zhang, Chengqi},
  journal={arXiv preprint arXiv:1906.06532},
  year={2019}
}


@inproceedings{bo2020structural,
  title={Structural deep clustering network},
  author={Bo, Deyu and Wang, Xiao and Shi, Chuan and Zhu, Meiqi and Lu, Emiao and Cui, Peng},
  booktitle={Proceedings of the web conference 2020},
  pages={1400--1410},
  year={2020}
}



@inproceedings{ying2018graph,
  title={Graph convolutional neural networks for web-scale recommender systems},
  author={Ying, Rex and He, Ruining and Chen, Kaifeng and Eksombatchai, Pong and Hamilton, William L and Leskovec, Jure},
  booktitle={Proceedings of the 24th ACM SIGKDD international conference on knowledge discovery \& data mining},
  pages={974--983},
  year={2018}
}

@article{muller2023graph,
  title={Graph clustering with graph neural networks},
  author={Tsitsulin, Anton and Palowitch, John and Perozzi, Bryan and M{\"u}ller, Emmanuel},
  journal={Journal of Machine Learning Research},
  volume={24},
  number={127},
  pages={1--21},
  year={2023}
}

@article{frey2007clustering,
  title={Clustering by passing messages between data points},
  author={Frey, Brendan J and Dueck, Delbert},
  journal={science},
  volume={315},
  number={5814},
  pages={972--976},
  year={2007},
  publisher={American Association for the Advancement of Science}
}

@article{pan2019learning,
  title={Learning graph embedding with adversarial training methods},
  author={Pan, Shirui and Hu, Ruiqi and Fung, Sai-fu and Long, Guodong and Jiang, Jing and Zhang, Chengqi},
  journal={IEEE transactions on cybernetics},
  volume={50},
  number={6},
  pages={2475--2487},
  year={2019},
  publisher={IEEE}
}

@article{xia2021self,
  title={Self-supervised graph convolutional network for multi-view clustering},
  author={Xia, Wei and Wang, Qianqian and Gao, Quanxue and Zhang, Xiangdong and Gao, Xinbo},
  journal={IEEE Transactions on Multimedia},
  volume={24},
  pages={3182--3192},
  year={2021},
  publisher={IEEE}
}

@inproceedings{liu2022deep,
  title={Deep graph clustering via dual correlation reduction},
  author={Liu, Yue and Tu, Wenxuan and Zhou, Sihang and Liu, Xinwang and Song, Linxuan and Yang, Xihong and Zhu, En},
  booktitle={Proceedings of the AAAI Conference on Artificial Intelligence},
  volume={36},
  number={7},
  pages={7603--7611},
  year={2022}
}

@inproceedings{gong2022attributed,
  title={Attributed graph clustering with dual redundancy reduction},
  author={Gong, Lei and Zhou, Sihang and Tu, Wenxuan and Liu, Xinwang},
  booktitle={Proc. of IJCAI},
  year={2022}
}


@book{bollobas1998modern,
  title={Modern graph theory},
  author={Bollob{\'a}s, B{\'e}la},
  volume={184},
  year={1998},
  publisher={Springer Science \& Business Media}
}

@inproceedings{yang2012defining,
  title={Defining and evaluating network communities based on ground-truth},
  author={Yang, Jaewon and Leskovec, Jure},
  booktitle={Proceedings of the ACM SIGKDD Workshop on Mining Data Semantics},
  pages={1--8},
  year={2012}
}

@article{shi2000normalized,
  title={Normalized cuts and image segmentation},
  author={Shi, Jianbo and Malik, Jitendra},
  journal={IEEE Transactions on pattern analysis and machine intelligence},
  volume={22},
  number={8},
  pages={888--905},
  year={2000},
  publisher={Ieee}
}

% INTRO

@article{moradi2015effective,
  title={An effective trust-based recommendation method using a novel graph clustering algorithm},
  author={Moradi, Parham and Ahmadian, Sajad and Akhlaghian, Fardin},
  journal={Physica A: Statistical mechanics and its applications},
  volume={436},
  pages={462--481},
  year={2015},
  publisher={Elsevier}
}
@article{felzenszwalb2004efficient,
  title={Efficient graph-based image segmentation},
  author={Felzenszwalb, Pedro F and Huttenlocher, Daniel P},
  journal={International journal of computer vision},
  volume={59},
  pages={167--181},
  year={2004},
  publisher={Springer}
}
@article{wang2010fast,
  title={A fast hierarchical clustering algorithm for functional modules discovery in protein interaction networks},
  author={Wang, Jianxin and Li, Min and Chen, Jianer and Pan, Yi},
  journal={IEEE/ACM Transactions on Computational Biology and Bioinformatics},
  volume={8},
  number={3},
  pages={607--620},
  year={2010},
  publisher={IEEE}
}

@article{hartigan1979algorithm,
  title={Algorithm AS 136: A k-means clustering algorithm},
  author={Hartigan, John A and Wong, Manchek A},
  journal={Journal of the royal statistical society. series c (applied statistics)},
  volume={28},
  number={1},
  pages={100--108},
  year={1979},
  publisher={JSTOR}
}

@incollection{newman2003mixing,
  title={Mixing patterns and community structure in networks},
  author={Newman, Mark EJ and Girvan, Michelle},
  booktitle={Statistical mechanics of complex networks},
  pages={66--87},
  year={2003},
  publisher={Springer}
}

@inproceedings{wang2017mgae,
  title={Mgae: Marginalized graph autoencoder for graph clustering},
  author={Wang, Chun and Pan, Shirui and Long, Guodong and Zhu, Xingquan and Jiang, Jing},
  booktitle={Proceedings of the 2017 ACM on Conference on Information and Knowledge Management},
  pages={889--898},
  year={2017}
}
@inproceedings{park2019symmetric,
  title={Symmetric graph convolutional autoencoder for unsupervised graph representation learning},
  author={Park, Jiwoong and Lee, Minsik and Chang, Hyung Jin and Lee, Kyuewang and Choi, Jin Young},
  booktitle={Proceedings of the IEEE/CVF international conference on computer vision},
  pages={6519--6528},
  year={2019}
}
@article{liu2023simple,
  title={Simple contrastive graph clustering},
  author={Liu, Yue and Yang, Xihong and Zhou, Sihang and Liu, Xinwang and Wang, Siwei and Liang, Ke and Tu, Wenxuan and Li, Liang},
  journal={IEEE Transactions on Neural Networks and Learning Systems},
  year={2023},
  publisher={IEEE}
}
@article{kulatilleke2022scgc,
  title={SCGC: Self-supervised contrastive graph clustering},
  author={Kulatilleke, Gayan K and Portmann, Marius and Chandra, Shekhar S},
  journal={arXiv preprint arXiv:2204.12656},
  year={2022}
}
@article{yue2022survey,
  title={A survey of deep graph clustering: Taxonomy, challenge, and application},
  author={Yue, Liu and Jun, Xia and Sihang, Zhou and Siwei, Wang and Xifeng, Guo and Xihong, Yang and Ke, Liang and Wenxuan, Tu and Wang, Liu Xin and others},
  journal={arXiv preprint arXiv:2211.12875},
  year={2022}
}

@article{zhang2018link,
  title={Link prediction based on graph neural networks},
  author={Zhang, Muhan and Chen, Yixin},
  journal={Advances in neural information processing systems},
  volume={31},
  year={2018}
}

@article{ying2018hierarchical,
  title={Hierarchical graph representation learning with differentiable pooling},
  author={Ying, Zhitao and You, Jiaxuan and Morris, Christopher and Ren, Xiang and Hamilton, Will and Leskovec, Jure},
  journal={Advances in neural information processing systems},
  volume={31},
  year={2018}
}

@article{xu2018powerful,
  title={How powerful are graph neural networks?},
  author={Xu, Keyulu and Hu, Weihua and Leskovec, Jure and Jegelka, Stefanie},
  journal={arXiv preprint arXiv:1810.00826},
  year={2018}
}

@article{wu2020deep,
  title={Deep learning techniques for community detection in social networks},
  author={Wu, Ling and Zhang, Qishan and Chen, Chi-Hua and Guo, Kun and Wang, Deqin},
  journal={IEEE Access},
  volume={8},
  pages={96016--96026},
  year={2020},
  publisher={IEEE}
}

@inproceedings{mandaglio2018consensus,
  title={Consensus community detection in multilayer networks using parameter-free graph pruning},
  author={Mandaglio, Domenico and Amelio, Alessia and Tagarelli, Andrea},
  booktitle={Advances in Knowledge Discovery and Data Mining: 22nd Pacific-Asia Conference, PAKDD 2018, Melbourne, VIC, Australia, June 3-6, 2018, Proceedings, Part III 22},
  pages={193--205},
  year={2018},
  organization={Springer}
}

@article{bhatia2018dfuzzy,
  title={Dfuzzy: a deep learning-based fuzzy clustering model for large graphs},
  author={Bhatia, Vandana and Rani, Rinkle},
  journal={Knowledge and Information Systems},
  volume={57},
  pages={159--181},
  year={2018},
  publisher={Springer}
}

@inproceedings{choong2018learning,
  title={Learning community structure with variational autoencoder},
  author={Choong, Jun Jin and Liu, Xin and Murata, Tsuyoshi},
  booktitle={2018 IEEE international conference on data mining (ICDM)},
  pages={69--78},
  year={2018},
  organization={IEEE}
}

@article{sun2021graph,
  title={Graph neural network encoding for community detection in attribute networks},
  author={Sun, Jianyong and Zheng, Wei and Zhang, Qingfu and Xu, Zongben},
  journal={IEEE Transactions on Cybernetics},
  volume={52},
  number={8},
  pages={7791--7804},
  year={2021},
  publisher={IEEE}
}