@article{chan2016plug,
	title={Plug-and-play ADMM for image restoration: fixed-point convergence and applications},
	author={Chan, Stanley H and Wang, Xiran and Elgendy, Omar A},
	journal={IEEE Transactions on Computational Imaging},
	volume={3},
	number={1},
	pages={84--98},
	year={2016},
	publisher={IEEE}
}

@inproceedings{yazaki2019interpolation,
	title={Interpolation and denoising of graph signals using plug-and-play ADMM},
	author={Yazaki, Yoshinao and Tanaka, Yuichi and Chan, Stanley H},
	booktitle={ICASSP 2019-2019 IEEE International Conference on Acoustics, Speech and Signal Processing (ICASSP)},
	pages={5431--5435},
	year={2019},

}

@article{minaee2019admm,
	title={An ADMM approach to masked signal decomposition using subspace representation},
	author={Minaee, Shervin and Wang, Yao},
	journal={IEEE Transactions on Image Processing},
	volume={28},
	number={7},
	pages={3192--3204},
	year={2019},
	publisher={IEEE}
}

@inproceedings{thorley2021nesterov,
	title={Nesterov accelerated ADMM for fast diffeomorphic image registration},
	author={Thorley, Alexander and Jia, Xi and Chang, Hyung Jin and Liu, Boyang and Bunting, Karina and Stoll, Victoria and de Marvao, Antonio and Oâ€™Regan, Declan P and Gkoutos, Georgios and Kotecha, Dipak and others},
	booktitle={Medical Image Computing and Computer Assisted Intervention--MICCAI 2021: 24th International Conference, Strasbourg, France, September 27--October 1, 2021, Proceedings, Part IV 24},
	pages={150--160},
	year={2021},
}

@article{duan2023arbitrary,
	title={Arbitrary order total variation for deformable image registration},
	author={Duan, Jinming and Jia, Xi and Bartlett, Joseph and Lu, Wenqi and Qiu, Zhaowen},
	journal={Pattern Recognition},
	pages={109318},
	year={2023},
	publisher={Elsevier}
}

@article{peres1994alternate,
  title={An alternate numerical solution to the linear quadratic problem},
  author={Peres, Pedro LD and Geromel, Jos{\'e} Claudio},
  journal={IEEE Transactions on Automatic Control},
  volume={39},
  number={1},
  pages={198--202},
  year={1994},
  publisher={IEEE}
}
@article{hou2022truncated,
	title={Truncated residual based plug-and-play ADMM algorithm for MRI reconstruction},
	author={Hou, Ruizhi and Li, Fang and Zhang, Guixu},
	journal={IEEE Transactions on Computational Imaging},
	volume={8},
	pages={96--108},
	year={2022},
	publisher={IEEE}
}

@article{zhou2023federated,
	title={Federated learning via inexact ADMM},
	author={Zhou, Shenglong and Li, Geoffrey Ye},
	journal={IEEE Transactions on Pattern Analysis and Machine Intelligence},
	year={2023},
	publisher={IEEE}
}
@article{ghadimi2014optimal,
	title={Optimal parameter selection for the alternating direction method of multipliers (ADMM): quadratic problems},
	author={Ghadimi, Euhanna and Teixeira, Andr{\'e} and Shames, Iman and Johansson, Mikael},
	journal={IEEE Transactions on Automatic Control},
	volume={60},
	number={3},
	pages={644--658},
	year={2014},
	publisher={IEEE}
}

@article{cao2023nonlinear,
  title={Nonlinear Deblurring for Low-Light Saturated Image},
  author={Cao, Shuning and Chang, Yi and Xu, Shengqi and Fang, Houzhang and Yan, Luxin},
  journal={Sensors},
  volume={23},
  number={8},
  pages={3784},
  year={2023},
  publisher={MDPI}
}

@article{wu2022applying,
  title={Applying smoothing technique and semi-proximal ADMM for image deblurring},
  author={Wu, Caiying and Chen, Xiaojuan and Jin, Qiyu and Chen, Jein-Shan},
  journal={Calcolo},
  volume={59},
  number={4},
  pages={40},
  year={2022},
  publisher={Springer}
}

@inproceedings{wang2019admm,
	title={Admm for efficient deep learning with global convergence},
	author={Wang, Junxiang and Yu, Fuxun and Chen, Xiang and Zhao, Liang},
	booktitle={Proceedings of the 25th ACM SIGKDD International Conference on Knowledge Discovery \& Data Mining},
	pages={111--119},
	year={2019}
}

@article{blatt2007convergent,
	title={A convergent incremental gradient method with a constant step size},
	author={Blatt, Doron and Hero, Alfred O and Gauchman, Hillel},
	journal={SIAM Journal on Optimization},
	volume={18},
	number={1},
	pages={29--51},
	year={2007},
	publisher={SIAM}
}

@inproceedings{righetti2012quadratic,
	title={Quadratic programming for inverse dynamics with optimal distribution of contact forces},
	author={Righetti, Ludovic and Schaal, Stefan},
	booktitle={2012 12th IEEE-RAS International Conference on Humanoid Robots (Humanoids 2012)},
	pages={538--543},
	year={2012},
	organization={IEEE}
}

@book{boyd2004convex,
	title={Convex optimization},
	author={Boyd, Stephen P and Vandenberghe, Lieven},
	year={2004},
	publisher={Cambridge university press}
}

@inproceedings{nishihara2015general,
	title={A general analysis of the convergence of ADMM},
	author={Nishihara, Robert and Lessard, Laurent and Recht, Ben and Packard, Andrew and Jordan, Michael},
	booktitle={International conference on machine learning},
	pages={343--352},
	year={2015},
	organization={PMLR}
}

@inproceedings{francca2016explicit,
	title={An explicit rate bound for over-relaxed ADMM},
	author={Fran{\c{c}}a, Guilherme and Bento, Jos{\'e}},
	booktitle={2016 IEEE International Symposium on Information Theory (ISIT)},
	pages={2104--2108},
	year={2016},
	organization={IEEE}
}

@article{mhanna2018adaptive,
	title={Adaptive ADMM for distributed AC optimal power flow},
	author={Mhanna, Sleiman and Verbi{\v{c}}, Gregor and Chapman, Archie C},
	journal={IEEE Transactions on Power Systems},
	volume={34},
	number={3},
	pages={2025--2035},
	year={2018},
	publisher={IEEE}
}

@article{teixeira2015admm,
	title={The ADMM algorithm for distributed quadratic problems: parameter selection and constraint preconditioning},
	author={Teixeira, Andre and Ghadimi, Euhanna and Shames, Iman and Sandberg, Henrik and Johansson, Mikael},
	journal={IEEE Transactions on Signal Processing},
	volume={64},
	number={2},
	pages={290--305},
	year={2015},
	publisher={IEEE}
}

@article{stellato2020osqp,
	title={OSQP: An operator splitting solver for quadratic programs},
	author={Stellato, Bartolomeo and Banjac, Goran and Goulart, Paul and Bemporad, Alberto and Boyd, Stephen},
	journal={Mathematical Programming Computation},
	volume={12},
	number={4},
	pages={637--672},
	year={2020},
	publisher={Springer}
}

@article{hong2017linear,
	title={On the linear convergence of the alternating direction method of multipliers},
	author={Hong, Mingyi and Luo, Zhi-Quan},
	journal={Mathematical Programming},
	volume={162},
	number={1-2},
	pages={165--199},
	year={2017},
	publisher={Springer}
}

@book{lasdon2002optimization,
	title={Optimization theory for large systems},
	author={Lasdon, Leon S},
	year={2002},
	publisher={Courier Corporation}
}

@book{bertsekas2015parallel,
	title={Parallel and distributed computation: numerical methods},
	author={Bertsekas, Dimitri and Tsitsiklis, John},
	year={2015},
	publisher={Athena Scientific}
}

@article{ubl2021totally,
	title={Totally asynchronous large-scale quadratic programming: Regularization, convergence rates, and parameter selection},
	author={Ubl, Matthew and Hale, Matthew},
	journal={IEEE Transactions on Control of Network Systems},
	volume={8},
	number={3},
	pages={1465--1476},
	year={2021},
	publisher={IEEE}
}

@article{boley2013local,
	title={Local linear convergence of the alternating direction method of multipliers on quadratic or linear programs},
	author={Boley, Daniel},
	journal={SIAM Journal on Optimization},
	volume={23},
	number={4},
	pages={2183--2207},
	year={2013},
	publisher={SIAM}
}

@article{wang2008method,
	title={Method of steepest descent and its applications},
	author={Wang, Xu},
	journal={IEEE Microwave and Wireless Components Letters},
	volume={12},
	pages={24--26},
	year={2008}
}


@misc{chen2013introduction,
  title={Introduction to variational image-processing models and applications},
  author={Chen, Ke},
  journal={International journal of computer mathematics},
  volume={90},
  number={1},
  pages={1--8},
  year={2013},
  publisher={Taylor \& Francis}
}

@article{deng2016global,
  title={On the global and linear convergence of the generalized alternating direction method of multipliers},
  author={Deng, Wei and Yin, Wotao},
  journal={Journal of Scientific Computing},
  volume={66},
  pages={889--916},
  year={2016},
  publisher={Springer}
}

@article{zhang2020privacy,
  title={Privacy-preserving decentralized power system economic dispatch considering carbon capture power plants and carbon emission trading scheme via over-relaxed ADMM},
  author={Zhang, Rufeng and Yan, Kefei and Li, Guoqing and Jiang, Tao and Li, Xue and Chen, Houhe},
  journal={International Journal of Electrical Power \& Energy Systems},
  volume={121},
  pages={106094},
  year={2020},
  publisher={Elsevier}
}

@incollection{james1992estimation,
  title={Estimation with quadratic loss},
  author={James, William and Stein, Charles},
  booktitle={Breakthroughs in statistics: Foundations and basic theory},
  pages={443--460},
  year={1992},
  publisher={Springer}
}

@article{zhou2020dynamic,
  title={Dynamic analysis of spin satellites through the quadratic phase estimation in multiple-station radar images},
  author={Zhou, Yejian and Zhang, Lei and Wei, Shaopeng and Cao, Yunhe},
  journal={IEEE Transactions on Computational Imaging},
  volume={6},
  pages={894--907},
  year={2020},
  publisher={IEEE}
}

@article{wang2021linear,
  title={Linear quadratic optimal consensus of discrete-time multi-agent systems with optimal steady state: A distributed model predictive control approach},
  author={Wang, Qishao and Duan, Zhisheng and Lv, Yuezu and Wang, Qingyun and Chen, Guanrong},
  journal={Automatica},
  volume={127},
  pages={109505},
  year={2021},
  publisher={Elsevier}
}

@article{mania2019certainty,
  title={Certainty equivalence is efficient for linear quadratic control},
  author={Mania, Horia and Tu, Stephen and Recht, Benjamin},
  journal={Advances in Neural Information Processing Systems},
  volume={32},
  year={2019}
}

@article{boyd2011distributed,
  title={Distributed optimization and statistical learning via the alternating direction method of multipliers},
  author={Boyd, Stephen and Parikh, Neal and Chu, Eric and Peleato, Borja and Eckstein, Jonathan and others},
  journal={Foundations and Trends{\textregistered} in Machine learning},
  volume={3},
  number={1},
  pages={1--122},
  year={2011},
  publisher={Now Publishers, Inc.}
}

@article{eckstein1994parallel,
  title={Parallel alternating direction multiplier decomposition of convex programs},
  author={Eckstein, Jonathan},
  journal={Journal of Optimization Theory and Applications},
  volume={80},
  number={1},
  pages={39--62},
  year={1994},
  publisher={Springer}
}

@article{lu2016implementation,
  title={Implementation of high-order variational models made easy for image processing},
  author={Lu, Wenqi and Duan, Jinming and Qiu, Zhaowen and Pan, Zhenkuan and Liu, Ryan Wen and Bai, Li},
  journal={Mathematical Methods in the Applied Sciences},
  volume={39},
  number={14},
  pages={4208--4233},
  year={2016},
  publisher={Wiley Online Library}
}

@article{candes2011robust,
  title={Robust principal component analysis?},
  author={Cand{\`e}s, Emmanuel J and Li, Xiaodong and Ma, Yi and Wright, John},
  journal={Journal of the ACM (JACM)},
  volume={58},
  number={3},
  pages={1--37},
  year={2011},
  publisher={ACM New York, NY, USA}
}

@article{jia2021learning,
  title={Learning a model-driven variational network for deformable image registration},
  author={Jia, Xi and Thorley, Alexander and Chen, Wei and Qiu, Huaqi and Shen, Linlin and Styles, Iain B and Chang, Hyung Jin and Leonardis, Ales and De Marvao, Antonio and Oâ€™Regan, Declan P and others},
  journal={IEEE Transactions on Medical Imaging},
  volume={41},
  number={1},
  pages={199--212},
  year={2021},
  publisher={IEEE}
}

@inproceedings{franca2018admm,
  title={ADMM and accelerated ADMM as continuous dynamical systems},
  author={Franca, Guilherme and Robinson, Daniel and Vidal, Rene},
  booktitle={International Conference on Machine Learning},
  pages={1559--1567},
  year={2018},
  organization={PMLR}
}

@article{goldstein2014fast,
  title={Fast alternating direction optimization methods},
  author={Goldstein, Tom and O'Donoghue, Brendan and Setzer, Simon and Baraniuk, Richard},
  journal={SIAM Journal on Imaging Sciences},
  volume={7},
  number={3},
  pages={1588--1623},
  year={2014},
  publisher={SIAM}
}

@inproceedings{xu2017adaptive,
  title={Adaptive ADMM with spectral penalty parameter selection},
  author={Xu, Zheng and Figueiredo, Mario and Goldstein, Tom},
  booktitle={Artificial Intelligence and Statistics},
  pages={718--727},
  year={2017},
  organization={PMLR}
}

@article{mavromatis2020auto,
  title={Auto-tuned weighted-penalty parameter ADMM for distributed optimal power flow},
  author={Mavromatis, Costas and Foti, Magda and Vavalis, Manolis},
  journal={IEEE Transactions on Power Systems},
  volume={36},
  number={2},
  pages={970--978},
  year={2020},
  publisher={IEEE}
}

@article{wohlberg2017admm,
  title={ADMM penalty parameter selection by residual balancing},
  author={Wohlberg, Brendt},
  journal={arXiv preprint arXiv:1704.06209},
  year={2017}
}




@article{bartlett1951inverse,
  title={An inverse matrix adjustment arising in discriminant analysis},
  author={Bartlett, Maurice S},
  journal={The Annals of Mathematical Statistics},
  volume={22},
  number={1},
  pages={107--111},
  year={1951},
  publisher={JSTOR}
}

@article{goldstein2009split,
  title={The split Bregman method for L1-regularized problems},
  author={Goldstein, Tom and Osher, Stanley},
  journal={SIAM Journal on Imaging Sciences},
  volume={2},
  number={2},
  pages={323--343},
  year={2009},
  publisher={SIAM}
}

@inproceedings{xu2010two,
  title={Two-phase kernel estimation for robust motion deblurring},
  author={Xu, Li and Jia, Jiaya},
  booktitle={Computer Vision--ECCV 2010: 11th European Conference on Computer Vision, Heraklion, Crete, Greece, September 5-11, 2010, Proceedings, Part I 11},
  pages={157--170},
  year={2010},
  organization={Springer}
}

@article{liu2020estimating,
  title={Estimating generalized gaussian blur kernels for out-of-focus image deblurring},
  author={Liu, Yu-Qi and Du, Xin and Shen, Hui-Liang and Chen, Shu-Jie},
  journal={IEEE Transactions on circuits and systems for video technology},
  volume={31},
  number={3},
  pages={829--843},
  year={2020},
  publisher={IEEE}
}

@article{quan2021gaussian,
  title={Gaussian kernel mixture network for single image defocus deblurring},
  author={Quan, Yuhui and Wu, Zicong and Ji, Hui},
  journal={Advances in Neural Information Processing Systems},
  volume={34},
  pages={20812--20824},
  year={2021}
}

@article{capus2003fractional,
  title={Fractional Fourier transform of the Gaussian and fractional domain signal support},
  author={Capus, C and Brown, K},
  journal={IEE Proceedings-Vision, Image and Signal Processing},
  volume={150},
  number={2},
  pages={99--106},
  year={2003},
  publisher={IET}
}

@inproceedings{nesterov1983method,
  title={A method of solving a convex programming problem with convergence rate $O(\frac{1}{k^2})$},
  author={Nesterov, Yurii Evgen'evich},
  booktitle={Doklady Akademii Nauk},
  volume={269},
  number={3},
  pages={543--547},
  year={1983},
  organization={Russian Academy of Sciences}
}

@article{o2015adaptive,
  title={Adaptive restart for accelerated gradient schemes},
  author={Oâ€™donoghue, Brendan and Candes, Emmanuel},
  journal={Foundations of computational mathematics},
  volume={15},
  pages={715--732},
  year={2015},
  publisher={Springer}
}

@inproceedings{zhang2008application,
  title={Application of Tikhonov regularization to super-resolution reconstruction of brain MRI images},
  author={Zhang, Xin and Lam, Edmund Y and Wu, Ed X and Wong, Kenneth KY},
  booktitle={Medical Imaging and Informatics: 2nd International Conference, MIMI 2007, Beijing, China, August 14-16, 2007 Revised Selected Papers},
  pages={51--56},
  year={2008},
  organization={Springer}
}

@article{beg2005computing,
  title={Computing large deformation metric mappings via geodesic flows of diffeomorphisms},
  author={Beg, M Faisal and Miller, Michael I and Trouv{\'e}, Alain and Younes, Laurent},
  journal={International Journal of Computer Vision},
  volume={61},
  pages={139--157},
  year={2005},
  publisher={Springer}
}

@article{zhou2023federated,
  title={Federated learning via inexact ADMM},
  author={Zhou, Shenglong and Li, Geoffrey Ye},
  journal={IEEE Transactions on Pattern Analysis and Machine Intelligence},
  year={2023},
  publisher={IEEE}
}

@article{li2022robust,
  title={Robust decentralized learning using ADMM with unreliable agents},
  author={Li, Qunwei and Kailkhura, Bhavya and Goldhahn, Ryan and Ray, Priyadip and Varshney, Pramod K},
  journal={IEEE Transactions on Signal Processing},
  volume={70},
  pages={2743--2757},
  year={2022},
  publisher={IEEE}
}

@article{liu2023distributed,
  title={Distributed network reconstruction based on binary compressed sensing via ADMM},
  author={Liu, Yishun and Huang, Keke and Yang, Chunhua and Wang, Zhen},
  journal={IEEE Transactions on Network Science and Engineering},
  year={2023},
  publisher={IEEE}
}

@book{horn2012matrix,
  title={Matrix analysis},
  author={Horn, Roger A and Johnson, Charles R},
  year={2012},
  publisher={Cambridge university press}
}

@book{jungers2009joint,
  title={The joint spectral radius: theory and applications},
  author={Jungers, Rapha{\"e}l},
  volume={385},
  year={2009},
  publisher={Springer Science \& Business Media}
}

@article{de1986relaxed,
  title={A relaxed version of Bregman's method for convex programming},
  author={De Pierro, A{\=\i} R and Iusem, AN},
  journal={Journal of Optimization Theory and Applications},
  volume={51},
  pages={421--440},
  year={1986},
  publisher={Springer}
}

@article{bartlett2021accelerated,
  title={Accelerated first order methods for variational imaging},
  author={Bartlett, Joseph and Duan, Jinming},
  journal={arXiv preprint arXiv:2110.02813},
  year={2021}
}