 @inproceedings{wang2023learning,
      title={Learning to Augment Distributions for Out-of-Distribution Detection}, 
      author={Qizhou Wang and Zhen Fang and Yonggang Zhang and Feng Liu and Yixuan Li and Bo Han},
      booktitle={Advances in Neural Information Processing Systems},
      year = {2023}
}
 @inproceedings{du2023dream,
      title={Dream the Impossible: Outlier Imagination with Diffusion Models}, 
      author={Xuefeng Du and Yiyou Sun and Xiaojin Zhu and Yixuan Li },
      booktitle={Advances in Neural Information Processing Systems},
      year = {2023}
}
@inproceedings{zheng2023detection,
      title={Out-of-distribution Detection Learning with Unreliable Out-of-distribution Sources}, 
      author={Haotian Zheng and Qizhou Wang and Zhen Fang and Xiaobo Xia and Feng Liu and Tongliang Liu and Bo Han},
      booktitle={Advances in Neural Information Processing Systems},
      year = {2023}
}
@InProceedings{Wilson_2023_ICCV,
    author    = {Wilson, Samuel and Fischer, Tobias and Dayoub, Feras and Miller, Dimity and S\"underhauf, Niko},
    title     = {SAFE: Sensitivity-Aware Features for Out-of-Distribution Object Detection},
    booktitle = {Proceedings of the IEEE/CVF International Conference on Computer Vision},
    year      = {2023},
}


%------------------%-----------------------------------------------
@inproceedings{
wang2022outofdistribution,
title={Out-of-Distribution Detection via Conditional Kernel Independence Model},
author={Yu Wang and Jingjing Zou and Jingyang Lin and Qing Ling and Yingwei Pan and Ting Yao and Tao Mei},
booktitle={Advances in Neural Information Processing Systems},
year={2022},
}
@inproceedings{
huang2022densitydriven,
title={Density-driven Regularization for Out-of-distribution Detection},
author={Wenjian Huang and Hao Wang and Jiahao Xia and Chengyan Wang and Jianguo Zhang},
booktitle={Advances in Neural Information Processing Systems},
year={2022},
}
@inproceedings{
zhu2022boosting,
title={Boosting Out-of-distribution Detection with Typical Features},
author={Yao Zhu and YueFeng Chen and Chuanlong Xie and Xiaodan Li and Rong Zhang and Hui Xue' and Xiang Tian and bolun zheng and Yaowu Chen},
year={2022},
}
@inproceedings{
song2022rankfeat,
title={RankFeat: Rank-1 Feature Removal for Out-of-distribution Detection},
author={Yue Song and Nicu Sebe and Wei Wang},
booktitle={Advances in Neural Information Processing Systems},
year={2022},
}
@inproceedings{
meinke2022provably,
title={Provably Adversarially Robust Detection of Out-of-Distribution Data (Almost) for Free},
author={Alexander Meinke and Julian Bitterwolf and Matthias Hein},
booktitle={Advances in Neural Information Processing Systems},
year={2022},
}
@inproceedings{
wang2022watermarking,
title={Watermarking for Out-of-distribution Detection},
author={Qizhou Wang and Feng Liu and Yonggang Zhang and Jing Zhang and Chen Gong and Tongliang Liu and Bo Han},
booktitle={Advances in Neural Information Processing Systems},
year={2022},
}
@inproceedings{
huang2023harnessing,
title={Harnessing Out-Of-Distribution Examples via Augmenting Content and Style},
author={Zhuo Huang and Xiaobo Xia and Li Shen and Bo Han and Mingming Gong and Chen Gong and Tongliang Liu},
booktitle={Proceedings of the International Conference on Learning Representations},
year={2023},}
@inproceedings{
zhang2023outofdistribution,
title={Out-of-Distribution Detection based on In-Distribution Data Patterns Memorization with Modern Hopfield Energy},
author={Jinsong Zhang and Qiang Fu and Xu Chen and Lun Du and Zelin Li and Gang Wang and Xiaoguang Liu and Shi Han and Dongmei Zhang},
booktitle={Proceedings of the International Conference on Learning Representations},
year={2023},
}
@inproceedings{
tao2023nonparametric,
title={Non-parametric Outlier Synthesis},
author={Leitian Tao and Xuefeng Du and Jerry Zhu and Yixuan Li},
booktitle={Proceedings of the International Conference on Learning Representations},
year={2023},
}
@inproceedings{
ming2023how,
title={How to Exploit Hyperspherical Embeddings for Out-of-Distribution Detection?},
author={Yifei Ming and Yiyou Sun and Ousmane Dia and Yixuan Li},
booktitle={Proceedings of the International Conference on Learning Representations},
year={2023},
}
@inproceedings{
wang2023outofdistribution,
title={Out-of-distribution Detection with Implicit Outlier Transformation},
author={Qizhou Wang and Junjie Ye and Feng Liu and Quanyu Dai and Marcus Kalander and Tongliang Liu and Jianye HAO and Bo Han},
booktitle={Proceedings of the International Conference on Learning Representations},
year={2023},
}
@inproceedings{wang2022vim,
  title={Vim: Out-of-distribution with virtual-logit matching},
  author={Wang, Haoqi and Li, Zhizhong and Feng, Litong and Zhang, Wayne},
  booktitle={Proceedings of the IEEE/CVF Conference on Computer Vision and Pattern Recognition},
  year={2022}
}
@inproceedings{
yang2022openood,
title={Open{OOD}: Benchmarking Generalized Out-of-Distribution Detection},
author={Jingkang Yang and Pengyun Wang and Dejian Zou and Zitang Zhou and Kunyuan Ding and WENXUAN PENG and Haoqi Wang and Guangyao Chen and Bo Li and Yiyou Sun and Xuefeng Du and Kaiyang Zhou and Wayne Zhang and Dan Hendrycks and Yixuan Li and Ziwei Liu},
booktitle={Advances in Neural Information Processing Systems Datasets and Benchmarks Track},
year={2022},
}
@article{zhao2022analysis,
  title={Analysis of knn density estimation},
  author={Zhao, Puning and Lai, Lifeng},
  journal={IEEE Transactions on Information Theory},
  year={2022},
}
@inproceedings{wideresnet,
        	title={Wide Residual Networks},
        	author={Sergey Zagoruyko and Nikos Komodakis},
        	year={2016},
        	month={September},
        	booktitle={Proceedings of the British Machine Vision Conference (BMVC)},
        }
@inproceedings{
djurisic2023extremely,
title={Extremely Simple Activation Shaping for Out-of-Distribution Detection},
author={Andrija Djurisic and Nebojsa Bozanic and Arjun Ashok and Rosanne Liu},
booktitle={Proceedings of the International Conference on Learning Representations},
year={2023},
}
@article{ren2021simple,
  title={A simple fix to mahalanobis distance for improving near-ood detection},
  author={Ren, Jie and Fort, Stanislav and Liu, Jeremiah and Roy, Abhijit Guha and Padhy, Shreyas and Lakshminarayanan, Balaji},
  journal={arXiv preprint arXiv:2106.09022},
  year={2021}
}
 @inproceedings{bai2023feed,
      title={Feed Two Birds with One Scone: Exploiting Wild Data for Both Out-of-Distribution Generalization and Detection}, 
      author={Haoyue Bai and Gregory Canal and Xuefeng Du and Jeongyeol Kwon and Robert D Nowak and Yixuan Li},
      booktitle = {Proceedings of the International Conference on Machine Learning},
      year = {2023}
}

 @inproceedings{ming2022posterior,
      title={POEM: Out-of-Distribution Detection with Posterior Sampling}, 
      author={Yifei Ming and Ying Fan and Yixuan Li},
      booktitle = {Proceedings of the International Conference on Machine Learning},
      year = {2022}
}

  @inproceedings{morteza2022provable,
      title={Provable Guarantees for Understanding Out-of-distribution Detection}, 
      author={Morteza, Peyman and Li, Yixuan},
      booktitle={Proceedings of the AAAI Conference on Artificial Intelligence},
      year={2022}
}

@inproceedings{kriegel2009outlier,
  title={Outlier detection in axis-parallel subspaces of high dimensional data},
  author={Kriegel, Hans-Peter and Kr{\"o}ger, Peer and Schubert, Erich and Zimek, Arthur},
  booktitle={Pacific-asia conference on knowledge discovery and data mining},
  year={2009},
}
@article{taori2020measuring,
  title={Measuring robustness to natural distribution shifts in image classification},
  author={Taori, Rohan and Dave, Achal and Shankar, Vaishaal and Carlini, Nicholas and Recht, Benjamin and Schmidt, Ludwig},
  journal={Advances in Neural Information Processing Systems},
  year={2020}
}
@article{gu2019using,
  title={Using videos to evaluate image model robustness},
  author={Gu, Keren and Yang, Brandon and Ngiam, Jiquan and Le, Quoc and Shlens, Jonathon},
  journal={arXiv preprint arXiv:1904.10076},
  year={2019}
}
@inproceedings{houle2010can,
  title={Can shared-neighbor distances defeat the curse of dimensionality?},
  author={Houle, Michael E and Kriegel, Hans-Peter and Kr{\"o}ger, Peer and Schubert, Erich and Zimek, Arthur},
  booktitle={International conference on scientific and statistical database management},
  year={2010},
}

@article{kriegel2009clustering,
  title={Clustering high-dimensional data: A survey on subspace clustering, pattern-based clustering, and correlation clustering},
  author={Kriegel, Hans-Peter and Kr{\"o}ger, Peer and Zimek, Arthur},
  journal={ACM Transactions on Knowledge Discovery from Data},
  year={2009},
}
@inproceedings{kailing2003ranking,
  title={Ranking interesting subspaces for clustering high dimensional data},
  author={Kailing, Karin and Kriegel, Hans-Peter and Kr{\"o}ger, Peer and Wanka, Stefanie},
  booktitle={European Conference on Principles of Data Mining and Knowledge Discovery},
  year={2003},
}
@article{zimek2012survey,
  title={A survey on unsupervised outlier detection in high-dimensional numerical data},
  author={Zimek, Arthur and Schubert, Erich and Kriegel, Hans-Peter},
  journal={Statistical Analysis and Data Mining: The ASA Data Science Journal},
  year={2012},
}
@inproceedings{micenkova2013explaining,
  title={Explaining outliers by subspace separability},
  author={Micenkov{\'a}, Barbora and Ng, Raymond T and Dang, Xuan-Hong and Assent, Ira},
  booktitle={2013 IEEE 13th international conference on data mining},
  year={2013},
}
@inproceedings{hund2015subspace,
  title={Subspace nearest neighbor search-problem statement, approaches, and discussion},
  author={Hund, Michael and Behrisch, Michael and F{\"a}rber, Ines and Sedlmair, Michael and Schreck, Tobias and Seidl, Thomas and Keim, Daniel},
  booktitle={International Conference on Similarity Search and Applications},
  year={2015},
}
@inproceedings{hinneburg2000nearest,
  title={What is the nearest neighbor in high dimensional spaces?},
  author={Hinneburg, Alexander and Aggarwal, Charu C and Keim, Daniel A},
  booktitle={26th Internat. Conference on Very Large Databases},
  year={2000}
}
@inproceedings{houle2014efficient,
  title={Efficient algorithms for similarity search in axis-aligned subspaces},
  author={Houle, Michael E and Ma, Xiguo and Oria, Vincent and Sun, Jichao},
  booktitle={International Conference on Similarity Search and Applications},
  year={2014},
}
@book{liu2007computational,
  title={Computational methods of feature selection},
  author={Liu, Huan and Motoda, Hiroshi},
  year={2007},
}
%-------------------------------------Confidence Calibration
@article{pereyra2017regularizing,
  title={Regularizing neural networks by penalizing confident output distributions},
  author={Pereyra, Gabriel and Tucker, George and Chorowski, Jan and Kaiser, {\L}ukasz and Hinton, Geoffrey},
  journal={arXiv preprint arXiv:1701.06548},
  year={2017}
}
@inproceedings{mukhoti2020calibrating,
  title={Calibrating deep neural networks using focal loss},
  author={Mukhoti, Jishnu and Kulharia, Viveka and Sanyal, Amartya and Golodetz, Stuart and Torr, Philip and Dokania, Puneet},
  booktitle={Advances in Neural Information Processing Systems},
  year={2020}
}
@article{platt,
  title={Probabilistic outputs for support vector machines and comparisons to regularized likelihood methods},
  author={Platt, John and others},
  journal={Advances in large margin classifiers},
  year={1999},
}
@inproceedings{zadrozny2001obtaining,
  title={Obtaining calibrated probability estimates from decision trees and naive bayesian classifiers},
  author={Zadrozny, Bianca and Elkan, Charles},
  booktitle={Proceedings of the International Conference on Machine Learning},
  year={2001},
}
@inproceedings{hebbalaguppe2022stitch,
  title={A Stitch in Time Saves Nine: A Train-Time Regularizing Loss for Improved Neural Network Calibration},
  author={Hebbalaguppe, Ramya and Prakash, Jatin and Madan, Neelabh and Arora, Chetan},
  booktitle={Proceedings of the IEEE/CVF Conference on Computer Vision and Pattern Recognition},
  year={2022}
}
@article{liang2020improved,
  title={Improved trainable calibration method for neural networks on medical imaging classification},
  author={Liang, Gongbo and Zhang, Yu and Wang, Xiaoqin and Jacobs, Nathan},
  journal={arXiv preprint arXiv:2009.04057},
  year={2020}
}



%-------------------------------------------------------




@inproceedings{bendale2016towards,
  title={Towards open set deep networks},
  author={Bendale, Abhijit and Boult, Terrance E},
  booktitle={Proceedings of the IEEE/CVF Conference on Computer Vision and Pattern Recognition},
  year={2016}
}
@inproceedings{lee2018training,
  author    = {Kimin Lee and Honglak Lee and Kibok Lee and Jinwoo Shin},
  booktitle = {Proceedings of the International Conference on Learning Representations},
  title     = {Training Confidence-calibrated Classifiers for Detecting Out-of-Distribution Samples},
  year      = {2018},
}
@inproceedings{bevandic2018discriminative,
  author  = {Bevandi{\'c}, Petra and Kre{\v{s}}o, Ivan and Or{\v{s}}i{\'c}, Marin and {\v{S}}egvi{\'c}, Sini{\v{s}}a},
  booktitle = {arXiv preprint arXiv:1808.07703},
  title   = {Discriminative out-of-distribution detection for semantic segmentation},
  year    = {2018},
}
@inproceedings{meinke2019towards,
  author  = {Meinke, Alexander and Hein, Matthias},
  booktitle = {Proceedings of the International Conference on Learning Representations},
  title   = {Towards neural networks that provably know when they don't know},
  year    = {2019},
}
@InProceedings{hein2019why,
  author    = {Hein, Matthias and Andriushchenko, Maksym and Bitterwolf, Julian},
  booktitle = {Proceedings of the IEEE/CVF Conference on Computer Vision and Pattern Recognition},
  title     = {Why relu networks yield high-confidence predictions far away from the training data and how to mitigate the problem},
  year      = {2019},
}
@inproceedings{2021ssd,
  title={SSD:  A Unified Framework for Self-Supervised Outlier Detection},
  author={Vikash Sehwag and Mung Chiang and Prateek Mittal},
 booktitle={Proceedings of the International Conference on Learning Representations},
 year={2021},
}
@inproceedings{huang2021importance,
  title={On the importance of gradients for detecting distributional shifts in the wild},
  author={Huang, Rui and Geng, Andrew and Li, Yixuan},
  booktitle={Advances in Neural Information Processing Systems},
  year={2021}
}

@inproceedings{geifman2019selective,
  title={Selectivenet: A deep neural network with an integrated reject option},
  author={Geifman, Yonatan and El-Yaniv, Ran},
  booktitle={Proceedings of the International Conference on Machine Learning},
  year={2019},
}
@inpfroceedings{malinin2018predictive,
  author    = {Malinin, Andrey and Gales, Mark},
  booktitle = {Advances in Neural Information Processing Systems},
  title     = {Predictive uncertainty estimation via prior networks},
  year      = {2018},
}
@inproceedings{cimpoi2014describing,
  title={Describing textures in the wild},
  author={Cimpoi, Mircea and Maji, Subhransu and Kokkinos, Iasonas and Mohamed, Sammy and Vedaldi, Andrea},
  booktitle={Proceedings of the IEEE/CVF Conference on Computer Vision and Pattern Recognition},
  year={2014}
}
@InProceedings{Jeong2020,
  author  = {Jeong, Taewon and Kim, Heeyoung},
  booktitle = {Advances in Neural Information Processing Systems},
  title   = {OOD-MAML: Meta-learning for few-shot out-of-distribution detection and classification},
  year    = {2020},
}
@InProceedings{VanAmersfoort2020,
  author    = {Van Amersfoort, Joost and Smith, Lewis and Teh, Yee Whye and Gal, Yarin},
  booktitle = {Proceedings of the International Conference on Machine Learning},
  title     = {Uncertainty Estimation Using a Single Deep Deterministic Neural Network},
  year      = {2020},
}
@InProceedings{Yang2021a,
  author    = {Yang, Jingkang and Wang, Haoqi and Feng, Litong and Yan, Xiaopeng and Zheng, Huabin and Zhang, Wayne and Liu, Ziwei},
  booktitle = {Proceedings of the IEEE International Conference on Computer Vision},
  title     = {Semantically Coherent Out-of-Distribution Detection},
}
@article{SOFL,
title={Self-Supervised Learning for Generalizable Out-of-Distribution Detection}, journal={Proceedings of the AAAI Conference on Artificial Intelligence}, author={Mohseni, Sina and Pitale, Mandar and Yadawa, JBS and Wang, Zhangyang}, year={2020}}

@article{chen2017density,
  title={Density level sets: Asymptotics, inference, and visualization},
  author={Chen, Yen-Chi and Genovese, Christopher R and Wasserman, Larry},
  journal={Journal of the American Statistical Association},
  year={2017},
}


@InProceedings{chen2021atom,
title={ATOM: Robustifying Out-of-distribution Detection Using Outlier Mining},
author={Chen, Jiefeng and Li, Yixuan and Wu, Xi and Liang, Yingyu and Jha, Somesh},
booktitle={In Proceedings of European Conference on Machine Learning and Principles and Practice of Knowledge Discovery in Databases (ECML PKDD)},
year={2021}
}
@InProceedings{Ming2022,
  author       = {Yifei Ming and Ying Fan and Yixuan Li},
  booktitle    = {Proceedings of the International Conference on Machine Learning},
  title        = {POEM: Out-of-Distribution Detection with Posterior Sampling},
  year         = {2022},
}
@InProceedings{KatzSamuels2022,
  author       = {Julian Katz-Samuels and Julia Nakhleh and Robert Nowak and Yixuan Li},
  booktitle    = {Proceedings of the International Conference on Machine Learning},
  title        = {Training OOD Detectors in their Natural Habitats},
  year         = {2022},
}
@InProceedings{Du2022,
  author    = {Du, Xuefeng and Wang, Xin and Gozum, Gabriel and Li, Yixuan},
  booktitle = {Proceedings of the IEEE/CVF Conference on Computer Vision and Pattern Recognition},
  title     = {Unknown-Aware Object Detection: Learning What You Don’t Know from Videos in the Wild},
  year      = {2022},
}
@InProceedings{Du2022a,
  author    = {Xuefeng Du and Zhaoning Wang and Mu Cai and Yixuan Li},
  booktitle = {Proceedings of the International Conference on Learning Representations},
  title     = {VOS: Learning What You Don’t Know by Virtual Outlier Synthesis
},
  year      = {2022},
}

@misc{chen2020gridmask,
      title={GridMask Data Augmentation}, 
      author={Pengguang Chen and Shu Liu and Hengshuang Zhao and Jiaya Jia},
      year={2020},
      eprint={2001.04086},
      archivePrefix={arXiv},
      primaryClass={cs.CV}
}

@inproceedings{ho1998nearest,
  title={Nearest neighbors in random subspaces},
  author={Ho, Tin Kam},
  booktitle={Joint IAPR international workshops on statistical techniques in pattern recognition (SPR) and structural and syntactic pattern recognition (SSPR)},
  year={1998},
}
@inproceedings{mahalanobis1936generalized,
  title={On the generalized distance in statistics},
  author={Mahalanobis, Prasanta Chandra},
  year={1936},
  organization={National Institute of Science of India}
}

@inproceedings{hebbalaguppenovel,
  title={A Novel Data Augmentation Technique for Out-of-Distribution Sample Detection using Compounded Corruptions},
  author={Hebbalaguppe, Ramya and Ghosal, Soumya Suvra and Prakash, Jatin and Khadilkar, Harshad and Arora, Chetan},
  booktitle={Proceedings of European Conference on Machine Learning and Principles and Practice of Knowledge Discovery in Databases},
year={2022}
}
@inproceedings{ba2013adaptive,
  title={Adaptive dropout for training deep neural networks},
  author={Ba, Jimmy and Frey, Brendan},
  booktitle={Advances in neural information processing systems},
  year={2013}
}

@inproceedings{
fort2021exploring,
  title={Exploring the limits of out-of-distribution detection},
  author={Fort, Stanislav and Ren, Jie and Lakshminarayanan, Balaji},
  booktitle={Advances in Neural Information Processing Systems},
  year={2021}
}

@inproceedings{vapnik1991principles,
  title={Principles of risk minimization for learning theory},
  author={Vapnik, Vladimir},
  booktitle={Advances in neural information processing systems},
  year={1991}
}

@inproceedings{RandAugment,
 author = {Cubuk, Ekin Dogus and Zoph, Barret and Shlens, Jon and Le, Quoc},
 booktitle = {Advances in Neural Information Processing Systems},
 editor = {H. Larochelle and M. Ranzato and R. Hadsell and M. F. Balcan and H. Lin},
 title = {RandAugment: Practical Automated Data Augmentation with a Reduced Search Space},
 year = {2020}
}
@inproceedings{dabouei2020supermix,
  title={Supermix: Supervising the mixing data augmentation},
  author={Dabouei, Ali and Soleymani, Sobhan and Taherkhani, Fariborz and Nasrabadi, Nasser M},
  booktitle={Proceedings of the IEEE/CVF Conference on Computer Vision and Pattern Recognition},
  year={2021}
}
@inproceedings{devries2017improved,
  title={Improved regularization of convolutional neural networks with cutout},
  author={DeVries, Terrance and Taylor, Graham W},
  booktitle={arXiv preprint arXiv:1708.04552},
  year={2017}
}
@inproceedings{fang2021learning,
  title={Learning bounds for open-set learning},
  author={Fang, Zhen and Lu, Jie and Liu, Anjin and Liu, Feng and Zhang, Guangquan},
  booktitle={Proceedings of the International Conference on Machine Learning},
  year={2021},
}
@inproceedings{gal2016dropout,
  title={Dropout as a bayesian approximation: Representing model uncertainty in deep learning},
  author={Gal, Yarin and Ghahramani, Zoubin},
  booktitle={Proceedings of the International Conference on Machine Learning},
  year={2016}
}
@incollection{zagoruyko2016wide,
  title={Wide residual networks},
  author={Zagoruyko, Sergey and Komodakis, Nikos},
  booktitle={British Machine Vision Conference},
  year={2016}
}
@incollection{NIPS2011_4329,
title = {Practical Variational Inference for Neural Networks},
author = {Graves, Alex},
booktitle = {Advances in Neural Information Processing Systems},
year = {2011}}

@inproceedings{guo2017calibration,
  title={On calibration of modern neural networks},
  author={Guo, Chuan and Pleiss, Geoff and Sun, Yu and Weinberger, Kilian Q},
  booktitle={Proceedings of the International Conference on Machine Learning},
  year={2017},
}
@inproceedings{sun2022dice,
      title={DICE: Leveraging Sparsification for Out-of-Distribution Detection}, 
      author={Sun, Yiyou and Li, Yixuan},
      booktitle={Proceedings of European Conference on Computer Vision},
      year={2022}
}
@inproceedings{sun2022knn,
      title={Out-of-Distribution Detection with Deep Nearest Neighbors}, 
      author={Yiyou Sun and Yifei Ming and Xiaojin Zhu and Yixuan Li},
      booktitle = {Proceedings of the International Conference on Machine Learning},
      year = {2022},
}
@inproceedings{tack2020csi,
  title={Csi: Novelty detection via contrastive learning on distributionally shifted instances},
  author={Tack, Jihoon and Mo, Sangwoo and Jeong, Jongheon and Shin, Jinwoo},
  booktitle={Advances in neural information processing systems},
  year={2020}
}
@inproceedings{
dosovitskiy2020image,
title={An Image is Worth 16x16 Words: Transformers for Image Recognition at Scale},
author={Alexey Dosovitskiy and Lucas Beyer and Alexander Kolesnikov and Dirk Weissenborn and Xiaohua Zhai and Thomas Unterthiner and Mostafa Dehghani and Matthias Minderer and Georg Heigold and Sylvain Gelly and Jakob Uszkoreit and Neil Houlsby},
booktitle={Proceedings of the International Conference on Learning Representations},
year={2021},
}
@inproceedings{lin2017focal,
  title={Focal loss for dense object detection},
  author={Lin, Tsung-Yi and Goyal, Priya and Girshick, Ross and He, Kaiming and Doll{\'a}r, Piotr},
  booktitle={Proceedings of the IEEE International Conference on Computer Vision},
  year={2017}
}
@article{mcinnes2018umap,
  title={Umap: Uniform manifold approximation and projection for dimension reduction},
  author={McInnes, Leland and Healy, John and Melville, James},
  journal={arXiv preprint arXiv:1802.03426},
  year={2018}
}
@incollection{muller2019does,
  title={When does label smoothing help?},
  author={M{\"u}ller, Rafael and Kornblith, Simon and Hinton, Geoffrey E},
  booktitle={Advances in neural information processing systems},
  year={2019}
}
@inproceedings{naeini2015obtaining,
  title={Obtaining well calibrated probabilities using bayesian binning},
  author={Naeini, Mahdi Pakdaman and Cooper, Gregory and Hauskrecht, Milos},
  booktitle={Twenty-Ninth AAAI Conference on Artificial Intelligence},
  year={2015}
}
@inproceedings{nguyen2015deep,
  title={Deep neural networks are easily fooled: High confidence predictions for unrecognizable images},
  author={Nguyen, Anh and Yosinski, Jason and Clune, Jeff},
  booktitle={Proceedings of the IEEE/CVF Conference on Computer Vision and Pattern Recognition},
  year={2015}
}

@inproceedings{nixon2019measuring,
  title={Measuring Calibration in Deep Learning.},
  author={Nixon, Jeremy and Dusenberry, Michael W and Zhang, Linchuan and Jerfel, Ghassen and Tran, Dustin},
  booktitle={Proceedings of the IEEE/CVF Conference on Computer Vision and Pattern Recognition Workshops},
  year={2019}
}
@inproceedings{wei2022mitigating,
      title={Mitigating Neural Network Overconfidence with Logit Normalization}, 
      author={Hongxin Wei and Renchunzi Xie and Hao Cheng and Lei Feng and Bo An and Yixuan Li},
      booktitle = {Proceedings of the International Conference on Machine Learning},
      year = {2022},
}
@inproceedings{sun2021react,
  title={ReAct: Out-of-distribution Detection With Rectified Activations},
  author={Sun, Yiyou and Guo, Chuan and Li, Yixuan},
  booktitle={Advances in Neural Information Processing Systems},
  year={2021}
}
@inproceedings{deng2009imagenet,
  title={Imagenet: A large-scale hierarchical image database},
  author={Deng, Jia and Dong, Wei and Socher, Richard and Li, Li-Jia and Li, Kai and Fei-Fei, Li},
  booktitle={Proceedings of the IEEE/CVF Conference on Computer Vision and Pattern Recognition},
  year={2009},
}
@misc{harris2021fmix,
      title={FMix: Enhancing Mixed Sample Data Augmentation}, 
      author={Ethan Harris and Antonia Marcu and Matthew Painter and Mahesan Niranjan and Adam Prügel-Bennett and Jonathon Hare},
      year={2021},
      eprint={2002.12047},
      archivePrefix={arXiv},
      primaryClass={cs.LG}
}
@inproceedings{he2016deep,
  title={Deep residual learning for image recognition},
  author={He, Kaiming and Zhang, Xiangyu and Ren, Shaoqing and Sun, Jian},
  booktitle={Proceedings of the IEEE/CVF Conference on Computer Vision and Pattern Recognition},
  year={2016}
}
@misc{he2016identity,
      title={Identity Mappings in Deep Residual Networks}, 
      author={Kaiming He and Xiangyu Zhang and Shaoqing Ren and Jian Sun},
      year={2016},
      eprint={1603.05027},
      archivePrefix={arXiv},
      primaryClass={cs.CV}
}
@inproceedings{hebbalaguppe2022stitch,
  title={A Stitch in Time Saves Nine: A Train-Time Regularizing Loss for Improved Neural Network Calibration},
  author={Hebbalaguppe, Ramya and Prakash, Jatin and Madan, Neelabh and Arora, Chetan},
  booktitle={Proceedings of the IEEE/CVF Conference on Computer Vision and Pattern Recognition},
  year={2022}
  
}

  @inproceedings{hein2019relu,
  title={Why relu networks yield high-confidence predictions far away from the training data and how to mitigate the problem},
  author={Hein, Matthias and Andriushchenko, Maksym and Bitterwolf, Julian},
  booktitle={Proceedings of the IEEE/CVF Conference on Computer Vision and Pattern Recognition},
  year={2019}
}
@inproceedings{hendrycks2018benchmarking,
  title={Benchmarking Neural Network Robustness to Common Corruptions and Perturbations},
  author={Hendrycks, Dan and Dietterich, Thomas},
  booktitle={Proceedings of the International Conference on Learning Representations},
  year={2018}
}
@inproceedings{hendrycks2016baseline,
  title={A baseline for detecting misclassified and out-of-distribution examples in neural networks},
  author={Hendrycks, Dan and Gimpel, Kevin},
  booktitle={Proceedings of the International Conference on Learning Representations},
  year={2017}
}

@inproceedings{hendrycks2018deep,
  title={Deep anomaly detection with outlier exposure},
  author={Hendrycks, Dan and Mazeika, Mantas and Dietterich, Thomas},
  booktitle={Proceedings of the International Conference on Learning Representations},
  year={2019}
}
@inproceedings{
hendrycks*2020augmix,
title={AugMix: A Simple Method to Improve Robustness and Uncertainty under Data Shift},
author={Dan Hendrycks* and Norman Mu* and Ekin Dogus Cubuk and Barret Zoph and Justin Gilmer and Balaji Lakshminarayanan},
booktitle={Proceedings of the International Conference on Learning Representations},
year={2020}
}
@inproceedings{hendrycks2019nae,
  title={Natural adversarial examples},
  author={Hendrycks, Dan and Zhao, Kevin and Basart, Steven and Steinhardt, Jacob and Song, Dawn},
  booktitle={Proceedings of the IEEE/CVF Conference on Computer Vision and Pattern Recognition},
  year={2021}
}
@inproceedings{hsu2020generalized,
  title={Generalized odin: Detecting out-of-distribution image without learning from out-of-distribution data},
  author={Hsu, Yen-Chang and Shen, Yilin and Jin, Hongxia and Kira, Zsolt},
  booktitle={Proceedings of the IEEE/CVF Conference on Computer Vision and Pattern Recognition},
  year={2020}
}
@inproceedings{huang2018densely,
  title={Densely connected convolutional networks},
  author={Huang, Gao and Liu, Zhuang and Van Der Maaten, Laurens and Weinberger, Kilian Q},
  booktitle={Proceedings of the IEEE/CVF Conference on Computer Vision and Pattern Recognition},
  year={2017}
}
@inproceedings{huang2021mos,
  title={MOS: Towards Scaling Out-of-distribution Detection for Large Semantic Space},
  author={Huang, Rui and Li, Yixuan},
  booktitle={Proceedings of the IEEE/CVF Conference on Computer Vision and Pattern Recognition},
  year={2021}
}
@article{xuji,
      title={Test Sample Accuracy Scales with Training Sample Density in Neural Networks}, 
      author={Xu Ji and Razvan Pascanu and Devon Hjelm and Balaji Lakshminarayanan and Andrea Vedaldi},
      year={2021},
      eprint={2106.08365},
      archivePrefix={arXiv},
      primaryClass={cs.LG}
}

@inproceedings{jordan2019provable,
  title={Provable certificates for adversarial examples: Fitting a ball in the union of polytopes},
  author={Jordan, Matt and Lewis, Justin and Dimakis, Alexandros G},
  booktitle={Advances in Neural Information Processing Systems},
  year={2019}
}

@inproceedings{kim2020puzzle,
    title= {Puzzle Mix: Exploiting Saliency and Local Statistics for Optimal Mixup},
    author = {Kim, Jang-Hyun and Choo, Wonho and Song, Hyun Oh},
    booktitle = {ICML},
    year = {2020}
}
@inproceedings{wong2021leveraging,
  title={Leveraging sparse linear layers for debuggable deep networks},
  author={Wong, Eric and Santurkar, Shibani and Madry, Aleksander},
  booktitle={Proceedings of the International Conference on Machine Learning},
  year={2021},
}
@inproceedings{gomez2019learning,
  title={Learning sparse networks using targeted dropout},
  author={Gomez, Aidan N and Zhang, Ivan and Kamalakara, Siddhartha Rao and Madaan, Divyam and Swersky, Kevin and Gal, Yarin and Hinton, Geoffrey E},
  booktitle={arXiv preprint arXiv:1905.13678},
  year={2019}
}
@inproceedings{wan2013regularization,
  title={Regularization of neural networks using dropconnect},
  author={Wan, Li and Zeiler, Matthew and Zhang, Sixin and Le Cun, Yann and Fergus, Rob},
  booktitle={Proceedings of the International Conference on Machine Learning},
  year={2013},
}
@inproceedings{hinton2012improving,
  title={Improving neural networks by preventing co-adaptation of feature detectors},
  author={Hinton, Geoffrey E and Srivastava, Nitish and Krizhevsky, Alex and Sutskever, Ilya and Salakhutdinov, Ruslan R},
  booktitle={arXiv preprint arXiv:1207.0580},
  year={2012}
}
@article{srivastava2014dropout,
  title={Dropout: a simple way to prevent neural networks from overfitting},
  author={Srivastava, Nitish and Hinton, Geoffrey and Krizhevsky, Alex and Sutskever, Ilya and Salakhutdinov, Ruslan},
  journal={The journal of machine learning research},
  year={2014},
}
@inproceedings{lakshminarayanan2017simple,
  title={Simple and scalable predictive uncertainty estimation using deep ensembles},
  author={Lakshminarayanan, Balaji and Pritzel, Alexander and Blundell, Charles},
  booktitle={Advances in Neural Information Processing Systems},
  year={2017}
}
@article{le2015tiny,
  title={Tiny imagenet visual recognition challenge},
  author={Le, Ya and Yang, Xuan},
  journal={CS 231N},
  year={2015}
}

@inproceedings{lee2017training,
title={Training Confidence-calibrated Classifiers for Detecting Out-of-Distribution Samples},
author={Kimin Lee and Honglak Lee and Kibok Lee and Jinwoo Shin},
booktitle={Proceedings of the International Conference on Learning Representations},
year={2018},
}
@inproceedings{lee2018simple,
  title={A simple unified framework for detecting out-of-distribution samples and adversarial attacks},
  author={Lee, Kimin and Lee, Kibok and Lee, Honglak and Shin, Jinwoo},
  booktitle={Advances in Neural Information Processing Systems},
  year={2018}
}

@article{li2018anomaly,
  title={Anomaly detection with generative adversarial networks for multivariate time series},
  author={Li, Dan and Chen, Dacheng and Goh, Jonathan and Ng, See-kiong},
  journal={ACM KDD}
}
@inproceedings{
liang2018enhancing,
title={Enhancing The Reliability of Out-of-distribution Image Detection in Neural Networks},
author={Shiyu Liang and Yixuan Li and R. Srikant},
booktitle={Proceedings of the International Conference on Learning Representations},
year={2018}
}
@inproceedings{lin2021mood,
  title={MOOD: Multi-level Out-of-distribution Detection},
  author={Lin, Ziqian and Roy, Sreya Dutta and Li, Yixuan},
  booktitle={Proceedings of the IEEE/CVF Conference on Computer Vision and Pattern Recognition},
  year={2021}
}
@inproceedings{liu2020energy,
title={Energy-based Out-of-distribution Detection},
author={Liu, Weitang and Wang, Xiaoyun and Owens, John and Li, Yixuan},
booktitle={Advances in Neural Information Processing Systems},
year={2020}
}
@inproceedings{calibration,
author = {Naeini, Mahdi Pakdaman and Cooper, Gregory F. and Hauskrecht, Milos},
title = {Obtaining Well Calibrated Probabilities Using Bayesian Binning},
year = {2015},
booktitle = {AAAI},
}
@inproceedings{neal2018open,
  title={Open set learning with counterfactual images},
  author={Neal, Lawrence and Olson, Matthew and Fern, Xiaoli and Wong, Weng-Keen and Li, Fuxin},
  booktitle={ECCV},
  year={2018}
}
@inproceedings{svhn,
title	= {Reading Digits in Natural Images with Unsupervised Feature Learning},
author	= {Yuval Netzer and Tao Wang and Adam Coates and Alessandro Bissacco and Bo Wu and Andrew Y. Ng},
year	= {2011},

}
@inproceedings{perera2019ocgan,
  title={OCGAN: One-class novelty detection using gans with constrained latent representations},
  author={Perera, Pramuditha and Nallapati, Ramesh and Xiang, Bing},
  booktitle={Proceedings of the IEEE/CVF Conference on Computer Vision and Pattern Recognition},
  year={2019}
}
@inproceedings{sastry2020detecting,
  title={Detecting out-of-distribution examples with gram matrices},
  author={Sastry, Chandramouli Shama and Oore, Sageev},
  booktitle={Proceedings of the International Conference on Machine Learning},
  year={2020},
}

@article{simonyan2014very,
  title={Very deep convolutional networks for large-scale image recognition},
  author={Simonyan, Karen and Zisserman, Andrew},
  journal={arXiv preprint arXiv:1409.1556},
  year={2014}
}
@article{80tinyimages,
  title={80 million tiny images: A large data set for nonparametric object and scene recognition},
  author={Torralba, Antonio and Fergus, Rob and Freeman, William T},
  journal={IEEE Trans. on PAMI},
  year={2008},

}
@inproceedings{
uddin2021saliencymix,
title={SaliencyMix: A Saliency Guided Data Augmentation Strategy for Better Regularization},
author={A F M Shahab Uddin and Mst. Sirazam Monira and Wheemyung Shin and TaeChoong Chung and Sung-Ho Bae},
booktitle={ICLR},
year={2021}}
@article{varnekar,
  author    = {Sachin Vernekar and
               Ashish Gaurav and
               Vahdat Abdelzad and
               Taylor Denouden and
               Rick Salay and
               Krzysztof Czarnecki},
  title     = {Out-of-distribution Detection in Classifiers via Generation},
  journal   = {NeurIPS 2019, Safety and Robustness in Decision Making Workshop
},
  year      = {2019}}
  
 @article{wang2017safer,
  title={Safer classification by synthesis},
  author={Wang, William and Wang, Angelina and Tamar, Aviv and Chen, Xi and Abbeel, Pieter},
  journal={arXiv preprint arXiv:1711.08534},
  year={2017}
}
@inproceedings{wen2018flipout,
  title={Flipout: Efficient Pseudo-Independent Weight Perturbations on Mini-Batches},
  author={Wen, Yeming and Vicol, Paul and Ba, Jimmy and Tran, Dustin and Grosse, Roger},
  booktitle={ICLR},
  year={2018}
}
@inproceedings{xiao2020likelihood,
  title={Likelihood regret: An out-of-distribution detection score for variational auto-encoder},
  author={Xiao, Zhisheng and Yan, Qing and Amit, Yali},
  booktitle={Advances in Neural Information Processing Systems},
  year={2020}
}

@inproceedings{yun2019cutmix,
  title={Cutmix: Regularization strategy to train strong classifiers with localizable features},
  author={Yun, Sangdoo and Han, Dongyoon and Oh, Seong Joon and Chun, Sanghyuk and Choe, Junsuk and Yoo, Youngjoon},
  booktitle={Proceedings of the IEEE/CVF ICCV},
  year={2019}
}
@inproceedings{zhang2019active,
  title={Active mini-batch sampling using repulsive point processes},
  author={Zhang, Cheng and {\"O}ztireli, Cengiz and Mandt, Stephan and Salvi, Giampiero},
  booktitle={AAAI},
  year={2019}
}
@inproceedings{
zhang2017mixup,
title={mixup: Beyond Empirical Risk Minimization},
author={Hongyi Zhang and Moustapha Cisse and Yann N. Dauphin and David Lopez-Paz},
booktitle={ICLR},
year={2018}
}
@inproceedings{zhong2017random,
  title={Random erasing data augmentation},
  author={Zhong, Zhun and Zheng, Liang and Kang, Guoliang and Li, Shaozi and Yang, Yi},
  booktitle={AAAI},
  year={2020}
}
@article{zhou2017places,
  title={Places: A 10 million image database for scene recognition},
  author={Zhou, Bolei and Lapedriza, Agata and Khosla, Aditya and Oliva, Aude and Torralba, Antonio},
  journal={IEEE transactions on pattern analysis and machine intelligence},
  year={2017},
}
@inproceedings{yu2015lsun,
  title={Lsun: Construction of a large-scale image dataset using deep learning with humans in the loop},
  author={Yu, Fisher and Seff, Ari and Zhang, Yinda and Song, Shuran and Funkhouser, Thomas and Xiao, Jianxiong},
  booktitle={arXiv preprint arXiv:1506.03365},
  year={2015}
}
@inproceedings{xu2015turkergaze,
  title={Turkergaze: Crowdsourcing saliency with webcam based eye tracking},
  author={Xu, Pingmei and Ehinger, Krista A and Zhang, Yinda and Finkelstein, Adam and Kulkarni, Sanjeev R and Xiao, Jianxiong},
  booktitle={arXiv preprint arXiv:1504.06755},
  year={2015}
}
@article{krizhevsky2009learning,
  title={Learning multiple layers of features from tiny images},
  author={Krizhevsky, Alex and Hinton, Geoffrey and others},
  year={2009},
}
%%%%%%%%%%%%%%%%%%%%%%%%%%%%%%%%%%%%%%%%%%%%%%%%%%%%%%%%%%%%%

@inproceedings{bendale2015open,
  title={Towards open set deep networks},
  author={Bendale, Abhijit and Boult, Terrance E},
  booktitle={Proceedings of the IEEE/CVF Conference on Computer Vision and Pattern Recognition},
  year={2016}
}
@inproceedings{GenOpenMax,
  title={Generative OpenMax for multi-class open set classification},
  author={Ge, Zongyuan and Demyanov, Sergey and Chen, Zetao and Garnavi, Rahil},
  booktitle={BMVC},
  year={2017}
}


@article{roy2021does,
  title={Does Your Dermatology Classifier Know What It Doesn't Know? Detecting the Long-Tail of Unseen Conditions},
  author={Roy, Abhijit Guha and Ren, Jie and Azizi, Shekoofeh and Loh, Aaron and Natarajan, Vivek and Mustafa, Basil and Pawlowski, Nick and Freyberg, Jan and Liu, Yuan and Beaver, Zach and others},
  journal={arXiv preprint arXiv:2104.03829},
  year={2021}
}

@inproceedings{wang2017chestx,
  title={Chestx-ray8: Hospital-scale chest x-ray database and benchmarks on weakly-supervised classification and localization of common thorax diseases},
  author={Wang, Xiaosong and Peng, Yifan and Lu, Le and Lu, Zhiyong and Bagheri, Mohammadhadi and Summers, Ronald M},
  booktitle={Proceedings of the IEEE/CVF Conference on Computer Vision and Pattern Recognition},
  year={2017}
}
@inproceedings{filos2020can,
  title={Can autonomous vehicles identify, recover from, and adapt to distribution shifts?},
  author={Filos, Angelos and Tigkas, Panagiotis and McAllister, Rowan and Rhinehart, Nicholas and Levine, Sergey and Gal, Yarin},
  booktitle={Proceedings of the International Conference on Machine Learning},
  year={2020},
}
@inproceedings{beyer1999nearest,
  title={When is “nearest neighbor” meaningful?},
  author={Beyer, Kevin and Goldstein, Jonathan and Ramakrishnan, Raghu and Shaft, Uri},
  booktitle={International conference on database theory},
  year={1999},
}
@inproceedings{aggarwal2001surprising,
  title={On the surprising behavior of distance metrics in high dimensional space},
  author={Aggarwal, Charu C and Hinneburg, Alexander and Keim, Daniel A},
  booktitle={International conference on database theory},
  year={2001},
}




@inproceedings{sun2019adaptive,
  title={Adaptive activation thresholding: Dynamic routing type behavior for interpretability in convolutional neural networks},
  author={Sun, Yiyou and Ravi, Sathya N and Singh, Vikas},
  booktitle={Proceedings of the IEEE/CVF International Conference on Computer Vision},
  year={2019}
}
@article{fukunaga1973optimization,
  title={Optimization of k nearest neighbor density estimates},
  author={Fukunaga, Keinosuke and Hostetler, L},
  journal={IEEE Transactions on Information Theory},
  year={1973},
}