@inproceedings{ma2021unified,
  title={A unified view on graph neural networks as graph signal denoising},
  author={Ma, Yao and Liu, Xiaorui and Zhao, Tong and Liu, Yozen and Tang, Jiliang and Shah, Neil},
  booktitle={Proceedings of the 30th ACM International Conference on Information \& Knowledge Management},
  pages={1202--1211},
  year={2021}
}
@article{loris2011generalization,
  title={On a generalization of the iterative soft-thresholding algorithm for the case of non-separable penalty},
  author={Loris, Ignace and Verhoeven, Caroline},
  journal={Inverse Problems},
  volume={27},
  number={12},
  pages={125007},
  year={2011},
  publisher={IOP Publishing}
}
@article{beutel2017data,
    title={Data decisions and theoretical implications when adversarially learning fair representations},
   author={Beutel, Alex and Chen, Jilin and Zhao, Zhe and Chi, Ed H},
   journal={arXiv preprint arXiv:1707.00075},
   year={2017}
 }
@article{louizos2015variational,
  title={The variational fair autoencoder},
  author={Louizos, Christos and Swersky, Kevin and Li, Yujia and Welling, Max and Zemel, Richard},
  journal={arXiv preprint arXiv:1511.00830},
  year={2015}
}
@inproceedings{kipf2017semi,
  title={Semi-Supervised Classification with Graph Convolutional Networks},
  author={Kipf, Thomas N. and Welling, Max},
  booktitle={International Conference on Learning Representations (ICLR)},
  year={2017}
}
@inproceedings{velivckovic2018graph,
  title={Graph Attention Networks},
  author={Veli{\v{c}}kovi{\'c}, Petar and Cucurull, Guillem and Casanova, Arantxa and Romero, Adriana and Li{\`o}, Pietro and Bengio, Yoshua},
  booktitle={International Conference on Learning Representations},
  year={2018}
}
@inproceedings{hamilton2017inductive,
  title={Inductive representation learning on large graphs},
  author={Hamilton, William L and Ying, Rex and Leskovec, Jure},
  booktitle={Proceedings of the 31st International Conference on Neural Information Processing Systems},
  pages={1025--1035},
  year={2017}
}
@inproceedings{wu2019simplifying,
  title={Simplifying graph convolutional networks},
  author={Wu, Felix and Souza, Amauri and Zhang, Tianyi and Fifty, Christopher and Yu, Tao and Weinberger, Kilian},
  booktitle={International conference on machine learning},
  pages={6861--6871},
  year={2019},
  organization={PMLR}
}
@inproceedings{takac2012data,
  title={Data analysis in public social networks},
  author={Takac, Lubos and Zabovsky, Michal},
  booktitle={International scientific conference and international workshop present day trends of innovations},
  year={2012}
}
@inproceedings{dai2021say,
  title={Say no to the discrimination: Learning fair graph neural networks with limited sensitive attribute information},
  author={Dai, Enyan and Wang, Suhang},
  booktitle={Proceedings of the 14th ACM International Conference on Web Search and Data Mining},
  pages={680--688},
  year={2021}
}
@article{chen2013primal,
  title={A primal--dual fixed point algorithm for convex separable minimization with applications to image restoration},
  author={Chen, Peijun and Huang, Jianguo and Zhang, Xiaoqun},
  journal={Inverse Problems},
  volume={29},
  number={2},
  pages={025011},
  year={2013},
  publisher={IOP Publishing}
}
@inproceedings{liu2021elastic,
  title={Elastic graph neural networks},
  author={Liu, Xiaorui and Jin, Wei and Ma, Yao and Li, Yaxin and Liu, Hua and Wang, Yiqi and Yan, Ming and Tang, Jiliang},
  booktitle={International Conference on Machine Learning},
  pages={6837--6849},
  year={2021},
  organization={PMLR}
}
@inproceedings{klicpera2019predict,
  title={Predict then Propagate: Graph Neural Networks meet Personalized PageRank},
  author={Klicpera, Johannes and Bojchevski, Aleksandar and G{\"u}nnemann, Stephan},
  booktitle={International Conference on Learning Representations},
  year={2019}
}
@inproceedings{gao2018large,
  title={Large-scale learnable graph convolutional networks},
  author={Gao, Hongyang and Wang, Zhengyang and Ji, Shuiwang},
  booktitle={Proceedings of the 24th ACM SIGKDD International Conference on Knowledge Discovery \& Data Mining},
  pages={1416--1424},
  year={2018}
}
@inproceedings{monti2017geometric,
  title={Geometric deep learning on graphs and manifolds using mixture model cnns},
  author={Monti, Federico and Boscaini, Davide and Masci, Jonathan and Rodola, Emanuele and Svoboda, Jan and Bronstein, Michael M},
  booktitle={Proceedings of the IEEE conference on computer vision and pattern recognition},
  pages={5115--5124},
  year={2017}
}
@inproceedings{louppe2017learning,
   title={Learning to pivot with adversarial networks},
   author={Louppe, Gilles and Kagan, Michael and Cranmer, Kyle},
   booktitle={Proceedings of the 31st International Conference on Neural Information Processing Systems},
   pages={982--991},
   year={2017}
 }
@inproceedings{zhu2021interpreting,
  title={Interpreting and unifying graph neural networks with an optimization framework},
  author={Zhu, Meiqi and Wang, Xiao and Shi, Chuan and Ji, Houye and Cui, Peng},
  booktitle={Proceedings of the Web Conference 2021},
  pages={1215--1226},
  year={2021}
}
@article{zhu2020beyond,
  title={Beyond Homophily in Graph Neural Networks: Current Limitations and Effective Designs},
  author={Zhu, Jiong and Yan, Yujun and Zhao, Lingxiao and Heimann, Mark and Akoglu, Leman and Koutra, Danai},
  journal={Advances in neural information processing systems},
  year={2020}
}
@article{ma2021homophily,
  title={Is Homophily a Necessity for Graph Neural Networks?},
  author={Ma, Yao and Liu, Xiaorui and Shah, Neil and Tang, Jiliang},
  journal={arXiv preprint arXiv:2106.06134},
  year={2021}
}
@inproceedings{chien2021adaptive,
  title={Adaptive Universal Generalized PageRank Graph Neural Network},
  author={Chien, Eli and Peng, Jianhao and Li, Pan and Milenkovic, Olgica},
  booktitle={International Conference on Learning Representations},
  year={2021}
}
@inproceedings{tang2020investigating,
  title={Investigating and Mitigating Degree-Related Biases in Graph Convoltuional Networks},
  author={Tang, Xianfeng and Yao, Huaxiu and Sun, Yiwei and Wang, Yiqi and Tang, Jiliang and Aggarwal, Charu and Mitra, Prasenjit and Wang, Suhang},
  booktitle={Proceedings of the 29th ACM International Conference on Information \& Knowledge Management},
  pages={1435--1444},
  year={2020}
}
@article{bruna2013spectral,
  title={Spectral networks and locally connected networks on graphs},
  author={Bruna, Joan and Zaremba, Wojciech and Szlam, Arthur and LeCun, Yann},
  journal={arXiv preprint arXiv:1312.6203},
  year={2013}
}
@article{defferrard2016convolutional,
  title={Convolutional neural networks on graphs with fast localized spectral filtering},
  author={Defferrard, Micha{\"e}l and Bresson, Xavier and Vandergheynst, Pierre},
  journal={Advances in neural information processing systems},
  volume={29},
  pages={3844--3852},
  year={2016}
}
@article{henaff2015deep,
  title={Deep convolutional networks on graph-structured data},
  author={Henaff, Mikael and Bruna, Joan and LeCun, Yann},
  journal={arXiv preprint arXiv:1506.05163},
  year={2015}
}
@article{zhao2019pairnorm,
  title={Pairnorm: Tackling oversmoothing in gnns},
  author={Zhao, Lingxiao and Akoglu, Leman},
  journal={arXiv preprint arXiv:1909.12223},
  year={2019}
}
@inproceedings{grarifairness,
  title={Fairness-Aware Neural R{\'e}nyi Minimization for Continuous Features},
  author={Grari, Vincent and Lamprier, Sylvain and Detyniecki, Marcin},
  booktitle = {Proceedings of the 29th International Joint Conference on Artificial Intelligence},
  year = {IJCAI'20}
}
@inproceedings{chuang2020fair,
  title={Fair Mixup: Fairness via Interpolation},
  author={Chuang, Ching-Yao and Mroueh, Youssef},
  booktitle={International Conference on Learning Representations},
  year={2020}
}
@inproceedings{zhang2018mitigating,
  title={Mitigating unwanted biases with adversarial learning},
  author={Zhang, Brian Hu and Lemoine, Blake and Mitchell, Margaret},
  booktitle={Proceedings of the 2018 AAAI/ACM Conference on AI, Ethics, and Society},
  pages={335--340},
  year={2018}
}
@inproceedings{mary2019fairness,
  title={Fairness-aware learning for continuous attributes and treatments},
  author={Mary, J{\'e}r{\'e}mie and Calauzenes, Cl{\'e}ment and El Karoui, Noureddine},
  booktitle={International Conference on Machine Learning},
  pages={4382--4391},
  year={2019},
  organization={PMLR}
}
@article{du2021fairness,
  title={Fairness via Representation Neutralization},
  author={Du, Mengnan and Mukherjee, Subhabrata and Wang, Guanchu and Tang, Ruixiang and Awadallah, Ahmed Hassan and Hu, Xia},
  journal={arXiv preprint arXiv:2106.12674},
  year={2021}
}
@article{kose2021fairness,
  title={Fairness-Aware Node Representation Learning},
  author={K{\"o}se, {\"O}yk{\"u} Deniz and Shen, Yanning},
  journal={arXiv preprint arXiv:2106.05391},
  year={2021}
}
@inproceedings{yurochkin2020sensei,
  title={SenSeI: Sensitive Set Invariance for Enforcing Individual Fairness},
  author={Yurochkin, Mikhail and Sun, Yuekai},
  booktitle={International Conference on Learning Representations},
  year={2020}
}
@article{jha2021fair,
  title={Fair Representation Learning using Interpolation Enabled Disentanglement},
  author={Jha, Akshita and Vinzamuri, Bhanukiran and Reddy, Chandan K},
  journal={arXiv preprint arXiv:2108.00295},
  year={2021}
}
@inproceedings{creager2019flexibly,
  title={Flexibly fair representation learning by disentanglement},
  author={Creager, Elliot and Madras, David and Jacobsen, J{\"o}rn-Henrik and Weis, Marissa and Swersky, Kevin and Pitassi, Toniann and Zemel, Richard},
  booktitle={International conference on machine learning},
  pages={1436--1445},
  year={2019},
  organization={PMLR}
}
@inproceedings{liang2021towards,
  title={Towards understanding and mitigating social biases in language models},
  author={Liang, Paul Pu and Wu, Chiyu and Morency, Louis-Philippe and Salakhutdinov, Ruslan},
  booktitle={International Conference on Machine Learning},
  pages={6565--6576},
  year={2021},
  organization={PMLR}
}
@inproceedings{feldman2015certifying,
  title={Certifying and removing disparate impact},
  author={Feldman, Michael and Friedler, Sorelle A and Moeller, John and Scheidegger, Carlos and Venkatasubramanian, Suresh},
  booktitle={proceedings of the 21th ACM SIGKDD international conference on knowledge discovery and data mining},
  pages={259--268},
  year={2015}
}

@inproceedings{rahman2019fairwalk,
  title={Fairwalk: Towards fair graph embedding},
  author={Rahman, Tahleen and Surma, Bartlomiej and Backes, Michael and Zhang, Yang},
  booktitle={Proceedings of the Twenty-Ninth International Conference on International Joint Conferences on Artificial Intelligence},
  year={2019}
}
@inproceedings{bose2019compositional,
  title={Compositional fairness constraints for graph embeddings},
  author={Bose, Avishek and Hamilton, William},
  booktitle={International Conference on Machine Learning},
  pages={715--724},
  year={2019},
  organization={PMLR}
}
@inproceedings{fisher2020debiasing,
  title={Debiasing knowledge graph embeddings},
  author={Fisher, Joseph and Mittal, Arpit and Palfrey, Dave and Christodoulopoulos, Christos},
  booktitle={Proceedings of the 2020 Conference on Empirical Methods in Natural Language Processing (EMNLP)},
  pages={7332--7345},
  year={2020}
}
@inproceedings{buyl2020debayes,
  title={Debayes: a bayesian method for debiasing network embeddings},
  author={Buyl, Maarten and De Bie, Tijl},
  booktitle={International Conference on Machine Learning},
  pages={1220--1229},
  year={2020},
  organization={PMLR}
}
@article{ma2021subgroup,
  title={Subgroup generalization and fairness of graph neural networks},
  author={Ma, Jiaqi and Deng, Junwei and Mei, Qiaozhu},
  journal={Advances in Neural Information Processing Systems},
  volume={34},
  year={2021}
}
@inproceedings{li2021dyadic,
  title={On dyadic fairness: Exploring and mitigating bias in graph connections},
  author={Li, Peizhao and Wang, Yifei and Zhao, Han and Hong, Pengyu and Liu, Hongfu},
  booktitle={International Conference on Learning Representations},
  year={2021}
}
@inproceedings{laclau2021all,
  title={All of the Fairness for Edge Prediction with Optimal Transport},
  author={Laclau, Charlotte and Redko, Ievgen and Choudhary, Manvi and Largeron, Christine},
  booktitle={International Conference on Artificial Intelligence and Statistics},
  pages={1774--1782},
  year={2021},
  organization={PMLR}
}
@article{agarwal2021towards,
  title={Towards a Unified Framework for Fair and Stable Graph Representation Learning},
  author={Agarwal, Chirag and Lakkaraju, Himabindu and Zitnik, Marinka},
  journal={arXiv preprint arXiv:2102.13186},
  year={2021}
}
@article{hamaguchi2017knowledge,
  title={Knowledge transfer for out-of-knowledge-base entities: A graph neural network approach},
  author={Hamaguchi, Takuo and Oiwa, Hidekazu and Shimbo, Masashi and Matsumoto, Yuji},
  journal={arXiv preprint arXiv:1706.05674},
  year={2017}
}
@inproceedings{ying2018graph,
  title={Graph convolutional neural networks for web-scale recommender systems},
  author={Ying, Rex and He, Ruining and Chen, Kaifeng and Eksombatchai, Pong and Hamilton, William L and Leskovec, Jure},
  booktitle={Proceedings of the 24th ACM SIGKDD International Conference on Knowledge Discovery \& Data Mining},
  pages={974--983},
  year={2018}
}
@article{mehrabi2021survey,
  title={A survey on bias and fairness in machine learning},
  author={Mehrabi, Ninareh and Morstatter, Fred and Saxena, Nripsuta and Lerman, Kristina and Galstyan, Aram},
  journal={ACM Computing Surveys (CSUR)},
  volume={54},
  number={6},
  pages={1--35},
  year={2021},
  publisher={ACM New York, NY, USA}
}
@article{suresh2019framework,
  title={A framework for understanding unintended consequences of machine learning},
  author={Suresh, Harini and Guttag, John V},
  journal={arXiv preprint arXiv:1901.10002},
  volume={2},
  year={2019}
}

@article{dong2016young,
  title={Do the young live in a “smaller world” than the old? age-specific degrees of separation in a large-scale mobile communication network},
  author={Dong, Yuxiao and Lizardo, Omar and Chawla, Nitesh V},
  journal={arXiv preprint arXiv:1606.07556},
  year={2016}
}
@book{rockafellar2015convex,
  title={Convex analysis},
  author={Rockafellar, Ralph Tyrell},
  year={2015},
  publisher={Princeton university press}
}
@book{kullback1997information,
  title={Information theory and statistics},
  author={Kullback, Solomon},
  year={1997},
  publisher={Courier Corporation}
}
@article{kose2022fair,
  title={Fair Node Representation Learning via Adaptive Data Augmentation},
  author={Kose, O Deniz and Shen, Yanning},
  journal={arXiv preprint arXiv:2201.08549},
  year={2022}
}
@inproceedings{zhu2021graph,
  title={Graph contrastive learning with adaptive augmentation},
  author={Zhu, Yanqiao and Xu, Yichen and Yu, Feng and Liu, Qiang and Wu, Shu and Wang, Liang},
  booktitle={Proceedings of the Web Conference 2021},
  pages={2069--2080},
  year={2021}
}
@inproceedings{Zhu:2020vf,
  author = {Zhu, Yanqiao and Xu, Yichen and Yu, Feng and Liu, Qiang and Wu, Shu and Wang, Liang},
  title = {{Deep Graph Contrastive Representation Learning}},
  booktitle = {ICML Workshop on Graph Representation Learning and Beyond},
  year = {2020}
}
@inproceedings{han2022g,
  title={G-Mixup: Graph Data Augmentation for Graph Classification},
  author={Han, Xiaotian and Jiang, Zhimeng and Liu, Ninghao and Hu, Xia},
  booktitle={International Conference on Machine Learning},
  pages={1--9},
  year={2022},
  organization={PMLR}
}
@inproceedings{han2022geometric,
  title={Geometric Graph Representation Learning via Maximizing Rate Reduction},
  author={Han, Xiaotian and Jiang, Zhimeng and Liu, Ninghao and Song, Qingquan and Li, Jundong and Hu, Xia},
  booktitle={Proceedings of the ACM Web Conference 2022},
  pages={1226--1237},
  year={2022}
}
@inproceedings{chuang2021fair,
  title={Fair Mixup: Fairness via Interpolation},
  author={Chuang, Ching-Yao and Mroueh, Youssef},
  booktitle={International Conference on Learning Representations},
  year={2021}
}
@inproceedings{jiang2022generalized,
  title={Generalized demographic parity for group fairness},
  author={Jiang, Zhimeng and Han, Xiaotian and Fan, Chao and Yang, Fan and Mostafavi, Ali and Hu, Xia},
  booktitle={International Conference on Learning Representations},
  year={2022}
}
@article{belkin2001laplacian,
  title={Laplacian eigenmaps and spectral techniques for embedding and clustering},
  author={Belkin, Mikhail and Niyogi, Partha},
  journal={Advances in neural information processing systems},
  volume={14},
  year={2001}
}
@inproceedings{kalofolias2016learn,
  title={How to learn a graph from smooth signals},
  author={Kalofolias, Vassilis},
  booktitle={Artificial Intelligence and Statistics},
  pages={920--929},
  year={2016},
  organization={PMLR}
}
@inproceedings{xu2018representation,
  title={Representation learning on graphs with jumping knowledge networks},
  author={Xu, Keyulu and Li, Chengtao and Tian, Yonglong and Sonobe, Tomohiro and Kawarabayashi, Ken-ichi and Jegelka, Stefanie},
  booktitle={International conference on machine learning},
  pages={5453--5462},
  year={2018},
  organization={PMLR}
}
@inproceedings{dong2022edits,
  title={Edits: Modeling and mitigating data bias for graph neural networks},
  author={Dong, Yushun and Liu, Ninghao and Jalaian, Brian and Li, Jundong},
  booktitle={Proceedings of the ACM Web Conference 2022},
  pages={1259--1269},
  year={2022}
}
@article{han2023retiring,
title={Retiring \${\textbackslash}Delta {\textbackslash}text\{{DP}\}\$: New Distribution-Level Metrics for Demographic Parity},
author={Xiaotian Han and Zhimeng Jiang and Hongye Jin and Zirui Liu and Na Zou and Qifan Wang and Xia Hu},
journal={Transactions on Machine Learning Research},
issn={2835-8856},
year={2023},
url={https://openreview.net/forum?id=LjDFIWWVVa},
note={}
}
@article{jiang2023weight,
  title={Weight Perturbation Can Help Fairness under Distribution Shift},
  author={Jiang, Zhimeng and Han, Xiaotian and Jin, Hongye and Wang, Guanchu and Zou, Na and Hu, Xia},
  journal={arXiv preprint arXiv:2303.03300},
  year={2023}
}
@inproceedings{ling2023graph,
    title={Graph Mixup with Soft Alignments},
    author={Hongyi Ling and Zhimeng Jiang and Meng Liu and Shuiwang Ji and Na Zou},
    booktitle={International Conference on Machine Learning},
    year={2023},
    organization={PMLR}
}
@article{zha2023data,
  title={Data-centric artificial intelligence: A survey},
  author={Zha, Daochen and Bhat, Zaid Pervaiz and Lai, Kwei-Herng and Yang, Fan and Jiang, Zhimeng and Zhong, Shaochen and Hu, Xia},
  journal={arXiv preprint arXiv:2303.10158},
  year={2023}
}
@inproceedings{ling2023learning,
  title={Learning fair graph representations via automated data augmentations},
  author={Ling, Hongyi and Jiang, Zhimeng and Luo, Youzhi and Ji, Shuiwang and Zou, Na},
  booktitle={The Eleventh International Conference on Learning Representations},
  year={2023}
}
@inproceedings{dong2021individual,
  title={Individual fairness for graph neural networks: A ranking based approach},
  author={Dong, Yushun and Kang, Jian and Tong, Hanghang and Li, Jundong},
  booktitle={Proceedings of the 27th ACM SIGKDD Conference on Knowledge Discovery \& Data Mining},
  pages={300--310},
  year={2021}
}
@article{dong2023reliant,
  title={RELIANT: Fair Knowledge Distillation for Graph Neural Networks},
  author={Dong, Yushun and Zhang, Binchi and Yuan, Yiling and Zou, Na and Wang, Qi and Li, Jundong},
  journal={arXiv preprint arXiv:2301.01150},
  year={2023}
}
@article{ghadimi2014optimal,
  title={Optimal parameter selection for the alternating direction method of multipliers (ADMM): quadratic problems},
  author={Ghadimi, Euhanna and Teixeira, Andr{\'e} and Shames, Iman and Johansson, Mikael},
  journal={IEEE Transactions on Automatic Control},
  volume={60},
  number={3},
  pages={644--658},
  year={2014},
  publisher={IEEE}
}
@article{varma2019vector,
  title={Vector-valued graph trend filtering with non-convex penalties},
  author={Varma, Rohan and Lee, Harlin and Kova{\v{c}}evi{\'c}, Jelena and Chi, Yuejie},
  journal={IEEE transactions on signal and information processing over networks},
  volume={6},
  pages={48--62},
  year={2019},
  publisher={IEEE}
}
@inproceedings{wang2022improving,
  title={Improving fairness in graph neural networks via mitigating sensitive attribute leakage},
  author={Wang, Yu and Zhao, Yuying and Dong, Yushun and Chen, Huiyuan and Li, Jundong and Derr, Tyler},
  booktitle={Proceedings of the 28th ACM SIGKDD Conference on Knowledge Discovery and Data Mining},
  pages={1938--1948},
  year={2022}
}