@String(PAMI = {IEEE Trans. Pattern Anal. Mach. Intell.})
@String(IJCV = {Int. J. Comput. Vis.})
@String(CVPR= {IEEE Conf. Comput. Vis. Pattern Recog.})
@String(ICCV= {Int. Conf. Comput. Vis.})
@String(ECCV= {Eur. Conf. Comput. Vis.})
@String(NIPS= {Adv. Neural Inform. Process. Syst.})
@String(ICPR = {Int. Conf. Pattern Recog.})
@String(BMVC= {Brit. Mach. Vis. Conf.})
@String(TOG= {ACM Trans. Graph.})
@String(TIP  = {IEEE Trans. Image Process.})
@String(TVCG  = {IEEE Trans. Vis. Comput. Graph.})
@String(TMM  = {IEEE Trans. Multimedia})
@String(ACMMM= {ACM Int. Conf. Multimedia})
@String(ICME = {Int. Conf. Multimedia and Expo})
@String(ICASSP=	{ICASSP})
@String(ICIP = {IEEE Int. Conf. Image Process.})
@String(ACCV  = {ACCV})
@String(ICLR = {Int. Conf. Learn. Represent.})
@String(IJCAI = {IJCAI})
@String(PR   = {Pattern Recognition})
@String(AAAI = {AAAI})
@String(CVPRW= {IEEE Conf. Comput. Vis. Pattern Recog. Worksh.})
@String(CSVT = {IEEE Trans. Circuit Syst. Video Technol.})

@String(SPL	= {IEEE Sign. Process. Letters})
@String(VR   = {Vis. Res.})
@String(JOV	 = {J. Vis.})
@String(TVC  = {The Vis. Comput.})
@String(JCST  = {J. Comput. Sci. Tech.})
@String(CGF  = {Comput. Graph. Forum})
@String(CVM = {Computational Visual Media})


@String(PAMI  = {IEEE TPAMI})
@String(IJCV  = {IJCV})
@String(CVPR  = {CVPR})
@String(ICCV  = {ICCV})
@String(ECCV  = {ECCV})
@String(NIPS  = {NeurIPS})
@String(ICPR  = {ICPR})
@String(BMVC  =	{BMVC})
@String(TOG   = {ACM TOG})
@String(TIP   = {IEEE TIP})
@String(TVCG  = {IEEE TVCG})
@String(TCSVT = {IEEE TCSVT})
@String(TMM   =	{IEEE TMM})
@String(ACMMM = {ACM MM})
@String(ICME  =	{ICME})
@String(ICASSP=	{ICASSP})
@String(ICIP  = {ICIP})
@String(ACCV  = {ACCV})
@String(ICLR  = {ICLR})
@String(IJCAI = {IJCAI})
@String(PR = {PR})
@String(AAAI = {AAAI})
@String(CVPRW= {CVPRW})
@String(CSVT = {IEEE TCSVT})



@misc{Authors14,
 author = {FirstName LastName},
 title = {The frobnicatable foo filter},
 note = {Face and Gesture submission ID 324. Supplied as supplemental material {\tt fg324.pdf}},
 year = 2014
}

@misc{Authors14b,
 author = {FirstName LastName},
 title = {Frobnication tutorial},
 note = {Supplied as supplemental material {\tt tr.pdf}},
 year = 2014
}

@article{Alpher02,
author = {FirstName Alpher},
title = {Frobnication},
journal = PAMI,
volume = 12,
number = 1,
pages = {234--778},
year = 2002
}

@article{Alpher03,
author = {FirstName Alpher and  FirstName Fotheringham-Smythe},
title = {Frobnication revisited},
journal = {Journal of Foo},
volume = 13,
number = 1,
pages = {234--778},
year = 2003
}

@article{Alpher04,
author = {FirstName Alpher and FirstName Fotheringham-Smythe and FirstName Gamow},
title = {Can a machine frobnicate?},
journal = {Journal of Foo},
volume = 14,
number = 1,
pages = {234--778},
year = 2004
}

@inproceedings{Alpher05,
author = {FirstName Alpher and FirstName Gamow},
title = {Can a computer frobnicate?},
booktitle = CVPR,
pages = {234--778},
year = 2005
}


@inproceedings{qi2017pointnet,
  title={Pointnet: Deep learning on point sets for 3d classification and segmentation},
  author={Qi, Charles R and Su, Hao and Mo, Kaichun and Guibas, Leonidas J},
  booktitle={Proceedings of the IEEE conference on computer vision and pattern recognition},
  pages={652--660},
  year={2017}
}

@article{dgcnn,
  title={Dynamic graph cnn for learning on point clouds},
  author={Wang, Yue and Sun, Yongbin and Liu, Ziwei and Sarma, Sanjay E and Bronstein, Michael M and Solomon, Justin M},
  journal={Acm Transactions On Graphics (tog)},
  volume={38},
  number={5},
  pages={1--12},
  year={2019},
  publisher={ACM New York, NY, USA}
}

@article{guo2021pct,
  title={Pct: Point cloud transformer},
  author={Guo, Meng-Hao and Cai, Jun-Xiong and Liu, Zheng-Ning and Mu, Tai-Jiang and Martin, Ralph R and Hu, Shi-Min},
  journal={Computational Visual Media},
  volume={7},
  number={2},
  pages={187--199},
  year={2021},
  publisher={Springer}
}

@inproceedings{adaptconv,
  title={Adaptive graph convolution for point cloud analysis},
  author={Zhou, Haoran and Feng, Yidan and Fang, Mingsheng and Wei, Mingqiang and Qin, Jing and Lu, Tong},
  booktitle={Proceedings of the IEEE/CVF International Conference on Computer Vision},
  pages={4965--4974},
  year={2021}
}

@article{pointnet++,
  title={Pointnet++: Deep hierarchical feature learning on point sets in a metric space},
  author={Qi, Charles Ruizhongtai and Yi, Li and Su, Hao and Guibas, Leonidas J},
  journal={Advances in neural information processing systems},
  volume={30},
  year={2017}
}


@inproceedings{li2018so,
  title={So-net: Self-organizing network for point cloud analysis},
  author={Li, Jiaxin and Chen, Ben M and Lee, Gim Hee},
  booktitle={Proceedings of the IEEE conference on computer vision and pattern recognition},
  pages={9397--9406},
  year={2018}
}

@article{chen2020hapgn,
  title={Hapgn: Hierarchical attentive pooling graph network for point cloud segmentation},
  author={Chen, Chaofan and Qian, Shengsheng and Fang, Quan and Xu, Changsheng},
  journal={IEEE Transactions on Multimedia},
  year={2020},
  publisher={IEEE}
}

@article{sauder2019self,
  title={Self-supervised deep learning on point clouds by reconstructing space},
  author={Sauder, Jonathan and Sievers, Bjarne},
  journal={Advances in Neural Information Processing Systems},
  volume={32},
  year={2019}
}

@article{li2018pointcnn,
  title={Pointcnn: Convolution on x-transformed points},
  author={Li, Yangyan and Bu, Rui and Sun, Mingchao and Wu, Wei and Di, Xinhan and Chen, Baoquan},
  journal={Advances in neural information processing systems},
  volume={31},
  year={2018}
}

@inproceedings{wu2019pointconv,
  title={Pointconv: Deep convolutional networks on 3d point clouds},
  author={Wu, Wenxuan and Qi, Zhongang and Fuxin, Li},
  booktitle={Proceedings of the IEEE/CVF Conference on Computer Vision and Pattern Recognition},
  pages={9621--9630},
  year={2019}
}

@inproceedings{liu2019relation,
  title={Relation-shape convolutional neural network for point cloud analysis},
  author={Liu, Yongcheng and Fan, Bin and Xiang, Shiming and Pan, Chunhong},
  booktitle={Proceedings of the IEEE/CVF Conference on Computer Vision and Pattern Recognition},
  pages={8895--8904},
  year={2019}
}

 @inproceedings{chen2021shape,
  title={Shape self-correction for unsupervised point cloud understanding},
  author={Chen, Ye and Liu, Jinxian and Ni, Bingbing and Wang, Hang and Yang, Jiancheng and Liu, Ning and Li, Teng and Tian, Qi},
  booktitle={Proceedings of the IEEE/CVF International Conference on Computer Vision},
  pages={8382--8391},
  year={2021}
}


@inproceedings{yu2022point,
  title={Point-bert: Pre-training 3d point cloud transformers with masked point modeling},
  author={Yu, Xumin and Tang, Lulu and Rao, Yongming and Huang, Tiejun and Zhou, Jie and Lu, Jiwen},
  booktitle={Proceedings of the IEEE/CVF Conference on Computer Vision and Pattern Recognition},
  pages={19313--19322},
  year={2022}
}

@inproceedings{wu20153d,
  title={3d shapenets: A deep representation for volumetric shapes},
  author={Wu, Zhirong and Song, Shuran and Khosla, Aditya and Yu, Fisher and Zhang, Linguang and Tang, Xiaoou and Xiao, Jianxiong},
  booktitle={Proceedings of the IEEE conference on computer vision and pattern recognition},
  pages={1912--1920},
  year={2015}
}

@inproceedings{yang2019std,
  title={Std: Sparse-to-dense 3d object detector for point cloud},
  author={Yang, Zetong and Sun, Yanan and Liu, Shu and Shen, Xiaoyong and Jia, Jiaya},
  booktitle={Proceedings of the IEEE/CVF international conference on computer vision},
  pages={1951--1960},
  year={2019}
}

@article{vaswani2017attention,
  title={Attention is all you need},
  author={Vaswani, Ashish and Shazeer, Noam and Parmar, Niki and Uszkoreit, Jakob and Jones, Llion and Gomez, Aidan N and Kaiser, {\L}ukasz and Polosukhin, Illia},
  journal={Advances in neural information processing systems},
  volume={30},
  year={2017}
}

@inproceedings{yang2018foldingnet,
  title={Foldingnet: Point cloud auto-encoder via deep grid deformation},
  author={Yang, Yaoqing and Feng, Chen and Shen, Yiru and Tian, Dong},
  booktitle={Proceedings of the IEEE conference on computer vision and pattern recognition},
  pages={206--215},
  year={2018}
}

@inproceedings{shi2020pointgnn,
  title={Point-gnn: Graph neural network for 3d object detection in a point cloud},
  author={Shi, Weijing and Rajkumar, Raj},
  booktitle={Proceedings of the IEEE/CVF conference on computer vision and pattern recognition},
  pages={1711--1719},
  year={2020}
}

@article{defferrard2016convolutional,
  title={Convolutional neural networks on graphs with fast localized spectral filtering},
  author={Defferrard, Micha{\"e}l and Bresson, Xavier and Vandergheynst, Pierre},
  journal={Advances in neural information processing systems},
  volume={29},
  year={2016}
}

@book{chung1997spectral,
  title={Spectral graph theory},
  author={Chung, Fan RK},
  volume={92},
  year={1997},
  publisher={American Mathematical Soc.}
}

@inproceedings{qi20173d,
  title={3d graph neural networks for rgbd semantic segmentation},
  author={Qi, Xiaojuan and Liao, Renjie and Jia, Jiaya and Fidler, Sanja and Urtasun, Raquel},
  booktitle={Proceedings of the IEEE International Conference on Computer Vision},
  pages={5199--5208},
  year={2017}
}

@inproceedings{landrieu2018large,
  title={Large-scale point cloud semantic segmentation with superpoint graphs},
  author={Landrieu, Loic and Simonovsky, Martin},
  booktitle={Proceedings of the IEEE conference on computer vision and pattern recognition},
  pages={4558--4567},
  year={2018}
}

@inproceedings{bi2019graph,
  title={Graph-based object classification for neuromorphic vision sensing},
  author={Bi, Yin and Chadha, Aaron and Abbas, Alhabib and Bourtsoulatze, Eirina and Andreopoulos, Yiannis},
  booktitle={Proceedings of the IEEE/CVF International Conference on Computer Vision},
  pages={491--501},
  year={2019}
}

@inproceedings{3dgcn,
  title={Convolution in the cloud: Learning deformable kernels in 3d graph convolution networks for point cloud analysis},
  author={Lin, Zhi-Hao and Huang, Sheng-Yu and Wang, Yu-Chiang Frank},
  booktitle={Proceedings of the IEEE/CVF conference on computer vision and pattern recognition},
  pages={1800--1809},
  year={2020}
}

@inproceedings{wang2019graphattenconv,
  title={Graph attention convolution for point cloud semantic segmentation},
  author={Wang, Lei and Huang, Yuchun and Hou, Yaolin and Zhang, Shenman and Shan, Jie},
  booktitle={Proceedings of the IEEE/CVF conference on computer vision and pattern recognition},
  pages={10296--10305},
  year={2019}
}

@inproceedings{riegler2017octnet,
  title={Octnet: Learning deep 3d representations at high resolutions},
  author={Riegler, Gernot and Osman Ulusoy, Ali and Geiger, Andreas},
  booktitle={Proceedings of the IEEE conference on computer vision and pattern recognition},
  pages={3577--3586},
  year={2017}
}

@article{wang2017ocnn,
  title={O-cnn: Octree-based convolutional neural networks for 3d shape analysis},
  author={Wang, Peng-Shuai and Liu, Yang and Guo, Yu-Xiao and Sun, Chun-Yu and Tong, Xin},
  journal={ACM Transactions On Graphics (TOG)},
  volume={36},
  number={4},
  pages={1--11},
  year={2017},
  publisher={ACM New York, NY, USA}
}


@inproceedings{choy20163d,
  title={3d-r2n2: A unified approach for single and multi-view 3d object reconstruction},
  author={Choy, Christopher B and Xu, Danfei and Gwak, JunYoung and Chen, Kevin and Savarese, Silvio},
  booktitle={European conference on computer vision},
  pages={628--644},
  year={2016},
  organization={Springer}
}

@inproceedings{meng2019vv,
  title={Vv-net: Voxel vae net with group convolutions for point cloud segmentation},
  author={Meng, Hsien-Yu and Gao, Lin and Lai, Yu-Kun and Manocha, Dinesh},
  booktitle={Proceedings of the IEEE/CVF international conference on computer vision},
  pages={8500--8508},
  year={2019}
}

@article{atzmon2018point,
  title={Point convolutional neural networks by extension operators},
  author={Atzmon, Matan and Maron, Haggai and Lipman, Yaron},
  journal={arXiv preprint arXiv:1803.10091},
  year={2018}
}

@inproceedings{tatarchenko2018tangent,
  title={Tangent convolutions for dense prediction in 3d},
  author={Tatarchenko, Maxim and Park, Jaesik and Koltun, Vladlen and Zhou, Qian-Yi},
  booktitle={Proceedings of the IEEE Conference on Computer Vision and Pattern Recognition},
  pages={3887--3896},
  year={2018}
}

@inproceedings{kanezaki2018rotationnet,
  title={Rotationnet: Joint object categorization and pose estimation using multiviews from unsupervised viewpoints},
  author={Kanezaki, Asako and Matsushita, Yasuyuki and Nishida, Yoshifumi},
  booktitle={Proceedings of the IEEE conference on computer vision and pattern recognition},
  pages={5010--5019},
  year={2018}
}

@article{pointmlp,
  title={Rethinking network design and local geometry in point cloud: A simple residual mlp framework},
  author={Ma, Xu and Qin, Can and You, Haoxuan and Ran, Haoxi and Fu, Yun},
  journal={arXiv preprint arXiv:2202.07123},
  year={2022}
}

@article{guo2020survey,
  title={Deep learning for 3d point clouds: A survey},
  author={Guo, Yulan and Wang, Hanyun and Hu, Qingyong and Liu, Hao and Liu, Li and Bennamoun, Mohammed},
  journal={IEEE transactions on pattern analysis and machine intelligence},
  volume={43},
  number={12},
  pages={4338--4364},
  year={2020},
  publisher={IEEE}
}

@inproceedings{thomas2019kpconv,
  title={Kpconv: Flexible and deformable convolution for point clouds},
  author={Thomas, Hugues and Qi, Charles R and Deschaud, Jean-Emmanuel and Marcotegui, Beatriz and Goulette, Fran{\c{c}}ois and Guibas, Leonidas J},
  booktitle={Proceedings of the IEEE/CVF international conference on computer vision},
  pages={6411--6420},
  year={2019}
}

@inproceedings{xu2021paconv,
  title={Paconv: Position adaptive convolution with dynamic kernel assembling on point clouds},
  author={Xu, Mutian and Ding, Runyu and Zhao, Hengshuang and Qi, Xiaojuan},
  booktitle={Proceedings of the IEEE/CVF Conference on Computer Vision and Pattern Recognition},
  pages={3173--3182},
  year={2021}
}

@article{kipf2016semi,
  title={Semi-supervised classification with graph convolutional networks},
  author={Kipf, Thomas N and Welling, Max},
  journal={arXiv preprint arXiv:1609.02907},
  year={2016}
}

@article{deepgcns,
  title={Deepgcns: Making gcns go as deep as cnns},
  author={Li, Guohao and M{\"u}ller, Matthias and Qian, Guocheng and Perez, Itzel Carolina Delgadillo and Abualshour, Abdulellah and Thabet, Ali Kassem and Ghanem, Bernard},
  journal={IEEE Transactions on Pattern Analysis and Machine Intelligence},
  year={2021},
  publisher={IEEE}
}

@article{gat,
  title={Graph attention networks},
  author={Veli{\v{c}}kovi{\'c}, Petar and Cucurull, Guillem and Casanova, Arantxa and Romero, Adriana and Lio, Pietro and Bengio, Yoshua},
  journal={arXiv preprint arXiv:1710.10903},
  year={2017}
}


@article{cheng2021net,
  title={Pra-net: Point relation-aware network for 3d point cloud analysis},
  author={Cheng, Silin and Chen, Xiwu and He, Xinwei and Liu, Zhe and Bai, Xiang},
  journal={IEEE Transactions on Image Processing},
  volume={30},
  pages={4436--4448},
  year={2021},
  publisher={IEEE}
}

@inproceedings{xu2018spidercnn,
  title={Spidercnn: Deep learning on point sets with parameterized convolutional filters},
  author={Xu, Yifan and Fan, Tianqi and Xu, Mingye and Zeng, Long and Qiao, Yu},
  booktitle={Proceedings of the European Conference on Computer Vision (ECCV)},
  pages={87--102},
  year={2018}
}

@article{ben20183dmfv,
  title={3dmfv: Three-dimensional point cloud classification in real-time using convolutional neural networks},
  author={Ben-Shabat, Yizhak and Lindenbaum, Michael and Fischer, Anath},
  journal={IEEE Robotics and Automation Letters},
  volume={3},
  number={4},
  pages={3145--3152},
  year={2018},
  publisher={IEEE}
}

@inproceedings{klokov2017escape,
  title={Escape from cells: Deep kd-networks for the recognition of 3d point cloud models},
  author={Klokov, Roman and Lempitsky, Victor},
  booktitle={Proceedings of the IEEE International Conference on Computer Vision},
  pages={863--872},
  year={2017}
}

@inproceedings{zeng20183dcontextnet,
  title={3dcontextnet: Kd tree guided hierarchical learning of point clouds using local and global contextual cues},
  author={Zeng, Wei and Gevers, Theo},
  booktitle={Proceedings of the European Conference on Computer Vision (ECCV) Workshops},
  pages={0--0},
  year={2018}
}

@inproceedings{ye20183d,
  title={3d recurrent neural networks with context fusion for point cloud semantic segmentation},
  author={Ye, Xiaoqing and Li, Jiamao and Huang, Hexiao and Du, Liang and Zhang, Xiaolin},
  booktitle={Proceedings of the European conference on computer vision (ECCV)},
  pages={403--417},
  year={2018}
}

@inproceedings{zhao2019pointweb,
  title={Pointweb: Enhancing local neighborhood features for point cloud processing},
  author={Zhao, Hengshuang and Jiang, Li and Fu, Chi-Wing and Jia, Jiaya},
  booktitle={Proceedings of the IEEE/CVF conference on computer vision and pattern recognition},
  pages={5565--5573},
  year={2019}
}

@inproceedings{zhang2019shellnet,
  title={Shellnet: Efficient point cloud convolutional neural networks using concentric shells statistics},
  author={Zhang, Zhiyuan and Hua, Binh-Son and Yeung, Sai-Kit},
  booktitle={Proceedings of the IEEE/CVF international conference on computer vision},
  pages={1607--1616},
  year={2019}
}

@inproceedings{hu2020randla,
  title={Randla-net: Efficient semantic segmentation of large-scale point clouds},
  author={Hu, Qingyong and Yang, Bo and Xie, Linhai and Rosa, Stefano and Guo, Yulan and Wang, Zhihua and Trigoni, Niki and Markham, Andrew},
  booktitle={Proceedings of the IEEE/CVF Conference on Computer Vision and Pattern Recognition},
  pages={11108--11117},
  year={2020}
}

@inproceedings{uy2019revisiting,
  title={Revisiting point cloud classification: A new benchmark dataset and classification model on real-world data},
  author={Uy, Mikaela Angelina and Pham, Quang-Hieu and Hua, Binh-Son and Nguyen, Thanh and Yeung, Sai-Kit},
  booktitle={Proceedings of the IEEE/CVF international conference on computer vision},
  pages={1588--1597},
  year={2019}
}

@article{yi2016scalable,
  title={A scalable active framework for region annotation in 3d shape collections},
  author={Yi, Li and Kim, Vladimir G and Ceylan, Duygu and Shen, I-Chao and Yan, Mengyan and Su, Hao and Lu, Cewu and Huang, Qixing and Sheffer, Alla and Guibas, Leonidas},
  journal={ACM Transactions on Graphics (ToG)},
  volume={35},
  number={6},
  pages={1--12},
  year={2016},
  publisher={ACM New York, NY, USA}
}

@inproceedings{armeni20163d,
  title={3d semantic parsing of large-scale indoor spaces},
  author={Armeni, Iro and Sener, Ozan and Zamir, Amir R and Jiang, Helen and Brilakis, Ioannis and Fischer, Martin and Savarese, Silvio},
  booktitle={Proceedings of the IEEE conference on computer vision and pattern recognition},
  pages={1534--1543},
  year={2016}
}

@inproceedings{latentgan,
  title={Learning representations and generative models for 3d point clouds},
  author={Achlioptas, Panos and Diamanti, Olga and Mitliagkas, Ioannis and Guibas, Leonidas},
  booktitle={International conference on machine learning},
  pages={40--49},
  year={2018},
  organization={PMLR}
}

@inproceedings{zhao20193d,
  title={3D point capsule networks},
  author={Zhao, Yongheng and Birdal, Tolga and Deng, Haowen and Tombari, Federico},
  booktitle={Proceedings of the IEEE/CVF Conference on Computer Vision and Pattern Recognition},
  pages={1009--1018},
  year={2019}
}

@inproceedings{han2019view,
  title={View inter-prediction gan: Unsupervised representation learning for 3d shapes by learning global shape memories to support local view predictions},
  author={Han, Zhizhong and Shang, Mingyang and Liu, Yu-Shen and Zwicker, Matthias},
  booktitle={Proceedings of the AAAI Conference on Artificial Intelligence},
  volume={33},
  number={01},
  pages={8376--8384},
  year={2019}
}

@inproceedings{hassani2019unsupervised,
  title={Unsupervised multi-task feature learning on point clouds},
  author={Hassani, Kaveh and Haley, Mike},
  booktitle={Proceedings of the IEEE/CVF International Conference on Computer Vision},
  pages={8160--8171},
  year={2019}
}

@article{zhang2020pointhop,
  title={Pointhop: An explainable machine learning method for point cloud classification},
  author={Zhang, Min and You, Haoxuan and Kadam, Pranav and Liu, Shan and Kuo, C-C Jay},
  journal={IEEE Transactions on Multimedia},
  volume={22},
  number={7},
  pages={1744--1755},
  year={2020},
  publisher={IEEE}
}

@inproceedings{han2019mapvae,
  title={Multi-Angle Point Cloud-VAE: Unsupervised feature learning for 3D point clouds from multiple angles by joint self-reconstruction and half-to-half prediction},
  author={Han, Zhizhong and Wang, Xiyang and Liu, Yu-Shen and Zwicker, Matthias},
  booktitle={2019 IEEE/CVF International Conference on Computer Vision (ICCV)},
  pages={10441--10450},
  year={2019},
  organization={IEEE}
}

@inproceedings{gao2020graphter,
  title={GraphTER: Unsupervised learning of graph transformation equivariant representations via auto-encoding node-wise transformations},
  author={Gao, Xiang and Hu, Wei and Qi, Guo-Jun},
  booktitle={Proceedings of the IEEE/CVF Conference on Computer Vision and Pattern Recognition},
  pages={7163--7172},
  year={2020}
}

@inproceedings{rao2020global,
  title={Global-local bidirectional reasoning for unsupervised representation learning of 3d point clouds},
  author={Rao, Yongming and Lu, Jiwen and Zhou, Jie},
  booktitle={Proceedings of the IEEE/CVF Conference on Computer Vision and Pattern Recognition},
  pages={5376--5385},
  year={2020}
}

@article{jiang2023unsupervised,
  title={Unsupervised contrastive learning with simple transformation for 3D point cloud data},
  author={Jiang, Jincen and Lu, Xuequan and Ouyang, Wanli and Wang, Meili},
  journal={The Visual Computer},
  pages={1--18},
  year={2023},
  publisher={Springer}
}

@article{wu2021self,
  title={Self-supervised learning on graphs: Contrastive, generative, or predictive},
  author={Wu, Lirong and Lin, Haitao and Tan, Cheng and Gao, Zhangyang and Li, Stan Z},
  journal={IEEE Transactions on Knowledge and Data Engineering},
  year={2021},
  publisher={IEEE}
}

@article{chen20214dcontrast,
  title={4dcontrast: Contrastive learning with dynamic correspondences for 3d scene understanding},
  author={Chen, Yujin and Nie{\ss}ner, Matthias and Dai, Angela},
  journal={arXiv preprint arXiv:2112.02990},
  year={2021}
}

@inproceedings{xie2020pointcontrast,
  title={Pointcontrast: Unsupervised pre-training for 3d point cloud understanding},
  author={Xie, Saining and Gu, Jiatao and Guo, Demi and Qi, Charles R and Guibas, Leonidas and Litany, Or},
  booktitle={European conference on computer vision},
  pages={574--591},
  year={2020},
  organization={Springer}
}

@article{jiang2023masked,
  title={Masked autoencoders in 3d point cloud representation learning},
  author={Jiang, Jincen and Lu, Xuequan and Zhao, Lizhi and Dazaley, Richard and Wang, Meili},
  journal={IEEE Transactions on Multimedia},
  year={2023},
  publisher={IEEE}
}

@inproceedings{achlioptas2018learning,
  title={Learning representations and generative models for 3d point clouds},
  author={Achlioptas, Panos and Diamanti, Olga and Mitliagkas, Ioannis and Guibas, Leonidas},
  booktitle={International conference on machine learning},
  pages={40--49},
  year={2018},
  organization={PMLR}
}

@article{chang2015shapenet,
  title={Shapenet: An information-rich 3d model repository},
  author={Chang, Angel X and Funkhouser, Thomas and Guibas, Leonidas and Hanrahan, Pat and Huang, Qixing and Li, Zimo and Savarese, Silvio and Savva, Manolis and Song, Shuran and Su, Hao and others},
  journal={arXiv preprint arXiv:1512.03012},
  year={2015}
}

@inproceedings{afham2022crosspoint,
  title={Crosspoint: Self-supervised cross-modal contrastive learning for 3d point cloud understanding},
  author={Afham, Mohamed and Dissanayake, Isuru and Dissanayake, Dinithi and Dharmasiri, Amaya and Thilakarathna, Kanchana and Rodrigo, Ranga},
  booktitle={Proceedings of the IEEE/CVF Conference on Computer Vision and Pattern Recognition},
  pages={9902--9912},
  year={2022}
}


@inproceedings{wang2021unsupervised,
  title={Unsupervised point cloud pre-training via occlusion completion},
  author={Wang, Hanchen and Liu, Qi and Yue, Xiangyu and Lasenby, Joan and Kusner, Matt J},
  booktitle={Proceedings of the IEEE/CVF international conference on computer vision},
  pages={9782--9792},
  year={2021}
}

@inproceedings{huang2021spatio,
  title={Spatio-temporal self-supervised representation learning for 3d point clouds},
  author={Huang, Siyuan and Xie, Yichen and Zhu, Song-Chun and Zhu, Yixin},
  booktitle={Proceedings of the IEEE/CVF International Conference on Computer Vision},
  pages={6535--6545},
  year={2021}
}

@inproceedings{cai2022learning,
  title={Learning a structured latent space for unsupervised point cloud completion},
  author={Cai, Yingjie and Lin, Kwan-Yee and Zhang, Chao and Wang, Qiang and Wang, Xiaogang and Li, Hongsheng},
  booktitle={Proceedings of the IEEE/CVF Conference on Computer Vision and Pattern Recognition},
  pages={5543--5553},
  year={2022}
}

@article{du2022novel,
  title={A Novel Local-Global Graph Convolutional Method for Point Cloud Semantic Segmentation},
  author={Du, Zijin and Ye, Hailiang and Cao, Feilong},
  journal={IEEE Transactions on Neural Networks and Learning Systems},
  year={2022},
  publisher={IEEE}
}

@article{huang2022dual,
  title={Dual-graph attention convolution network for 3-D point cloud classification},
  author={Huang, Chang-Qin and Jiang, Fan and Huang, Qiong-Hao and Wang, Xi-Zhe and Han, Zhong-Mei and Huang, Wei-Yu},
  journal={IEEE Transactions on Neural Networks and Learning Systems},
  year={2022},
  publisher={IEEE}
}

@article{li2020deep,
  title={Deep learning for lidar point clouds in autonomous driving: A review},
  author={Li, Ying and Ma, Lingfei and Zhong, Zilong and Liu, Fei and Chapman, Michael A and Cao, Dongpu and Li, Jonathan},
  journal={IEEE Transactions on Neural Networks and Learning Systems},
  volume={32},
  number={8},
  pages={3412--3432},
  year={2020},
  publisher={IEEE}
}

@inproceedings{pang2022masked,
  title={Masked autoencoders for point cloud self-supervised learning},
  author={Pang, Yatian and Wang, Wenxiao and Tay, Francis EH and Liu, Wei and Tian, Yonghong and Yuan, Li},
  booktitle={European conference on computer vision},
  pages={604--621},
  year={2022},
  organization={Springer}
}

@article{yi2023graph,
  title={Graph classification via discriminative edge feature learning},
  author={Yi, Yang and Lu, Xuequan and Gao, Shang and Robles-Kelly, Antonio and Zhang, Yuejie},
  journal={Pattern Recognition},
  volume={143},
  pages={109799},
  year={2023},
  publisher={Elsevier}
}

@inproceedings{de2023iterativepfn,
  title={IterativePFN: True Iterative Point Cloud Filtering},
  author={de Silva Edirimuni, Dasith and Lu, Xuequan and Shao, Zhiwen and Li, Gang and Robles-Kelly, Antonio and He, Ying},
  booktitle={Proceedings of the IEEE/CVF Conference on Computer Vision and Pattern Recognition},
  pages={13530--13539},
  year={2023}
}

@article{zhang2020pointfilter,
  title={Pointfilter: Point cloud filtering via encoder-decoder modeling},
  author={Zhang, Dongbo and Lu, Xuequan and Qin, Hong and He, Ying},
  journal={IEEE Transactions on Visualization and Computer Graphics},
  volume={27},
  number={3},
  pages={2015--2027},
  year={2020},
  publisher={IEEE}
}