@inproceedings{gilon2016dynamic,
  title={Dynamic Potential Search---A New Bounded Suboptimal Search},
  author={Gilon, Daniel and Felner, Ariel and Stern, Roni},
  booktitle={Symposium on Combinatorial Search ({SoCS})},
  year={2016}
}

@article{knuth1975analysis,
  title={An analysis of alpha-beta pruning},
  author={Knuth, Donald E and Moore, Ronald W},
  journal={Artificial intelligence},
  volume={6},
  number={4},
  pages={293--326},
  year={1975},
  publisher={Elsevier}
}

@article{wald1945statistical,
  title={Statistical decision functions which minimize the maximum risk},
  author={Wald, Abraham},
  journal={Annals of Mathematics},
  pages={265--280},
  year={1945},
  publisher={JSTOR}
}

@article{schaeffer2007checkers,
  title={Checkers is solved},
  author={Schaeffer, Jonathan and Burch, Neil and Bj{\"o}rnsson, Yngvi and Kishimoto, Akihiro and M{\"u}ller, Martin and Lake, Robert and Lu, Paul and Sutphen, Steve},
  journal={science},
  volume={317},
  number={5844},
  pages={1518--1522},
  year={2007}
}

@article{irving2000solving,
  author    = {Geoffrey Irving and Jeroen Donkers and Jos Uiterwijk},
  title     = {Solving Kalah},
  journal   = {{ICGA} Journal},
  volume    = {23},
  number    = {3},
  pages     = {139--147},
  year      = {2000}
}

@inproceedings{saffidine2011solving,
  title={Solving breakthrough with race patterns and job-level proof number search},
  author={Saffidine, Abdallah and Jouandeau, Nicolas and Cazenave, Tristan},
  booktitle={Advances in Computer Games},
  pages={196--207},
  year={2011}
}

@article{allis1994proof,
  title={Proof-number search},
  author={Allis, L Victor and van der Meulen, Maarten and Van Den Herik, H Jaap},
  journal={Artificial Intelligence},
  volume={66},
  number={1},
  pages={91--124},
  year={1994}
}


@inproceedings{coulom2006efficient,
  title={Efficient selectivity and backup operators in Monte-Carlo tree search},
  author={Coulom, R{\'e}mi},
  booktitle={International conference on computers and games},
  pages={72--83},
  year={2006}
}

@inproceedings{kocsis2006bandit,
  title={Bandit based monte-carlo planning},
  author={Kocsis, Levente and Szepesv{\'a}ri, Csaba},
  booktitle={European conference on machine learning},
  pages={282--293},
  year={2006}
}

@inproceedings{lanctot2013monte,
  title={Monte {C}arlo *-Minimax Search.},
  author={Lanctot, Marc and Saffidine, Abdallah and Veness, Joel and Archibald, Christopher and Winands, Mark HM},
  booktitle={IJCAI},
  pages={580--586},
  year={2013}
}

@article{pohl1970heuristic,
  title={Heuristic search viewed as path finding in a graph},
  author={Pohl, Ira},
  journal={Artificial Intelligence},
  volume={1},
  number={3-4},
  pages={193--204},
  year={1970}
}

@inproceedings{thayer2011bounded,
  title={Bounded suboptimal search: A direct approach using inadmissible estimates},
  author={Thayer, Jordan T and Ruml, Wheeler},
  booktitle={IJCAI},
  volume={2011},
  pages={674--679},
  year={2011}
}


@article{ballard1983minimax,
  title={The *-minimax search procedure for trees containing chance nodes},
  author={Ballard, Bruce W},
  journal={Artificial Intelligence},
  volume={21},
  number={3},
  pages={327--350},
  year={1983}
}


@incollection{michie1966game,
  title={Game-playing and game-learning automata},
  author={Michie, Donald},
  booktitle={Advances in programming and non-numerical computation},
  pages={183--200},
  year={1966}
}


@book{russell2016artificial,
  title={Artificial intelligence: a modern approach},
  author={Russell, Stuart J and Norvig, Peter},
  year={2016},
  publisher={Pearson}
}

@inproceedings{moldenhauer2009evaluating,
  title={Evaluating Strategies for Running from the Cops},
  author={Moldenhauer, Carsten and Sturtevant, Nathan R},
  booktitle={IJCAI},
  volume={9},
  pages={584--589},
  year={2009}
}


@article{reinefeld1983improvement,
  title={An improvement of the Scout tree-search algorithm},
  author={Reinefeld, Alexander},
  journal={ICCA Journal},
  volume={6},
  number={4},
  pages={4--14},
  year={1983}
}

@inproceedings{pearl1980scout,
  title={SCOUT: A Simple Game-Searching Algorithm with Proven Optimal Properties.},
  author={Pearl, Judea},
  booktitle={AAAI},
  pages={143--145},
  year={1980}
}


@inproceedings{hauk2004rediscovering,
  title={Rediscovering *-Minimax search},
  author={Hauk, Thomas and Buro, Michael and Schaeffer, Jonathan},
  booktitle={International Conference on Computers and Games},
  pages={35--50},
  year={2004}
}


@inproceedings{schaeffer1996new,
  title={New advances in alpha-beta searching},
  author={Schaeffer, Jonathan and Plaat, Aske},
  booktitle={ACM conference on Computer science},
  pages={124--130},
  year={1996}
}


@inproceedings{veness2007effective,
  title={Effective use of transposition tables in stochastic game tree search},
  author={Veness, Joel and Blair, Alan},
  booktitle={IEEE Symposium on Computational Intelligence and Games (CIG)},
  pages={112--116},
  year={2007}
}

@inproceedings{schadd2009chanceprobcut,
  title={ChanceProbcut: Forward pruning in chance nodes},
  author={Schadd, Maarten PD and Winands, Mark HM and Uiterwijk, Jos WHM},
  booktitle={IEEE Symposium on Computational Intelligence and Games (CIG)},
  pages={178--185},
  year={2009}
}

@inproceedings{diceGame,
  title={Search in Trees with Chance Nodes},
  author={Hauk, Thomas},
  booktitle={Masterâ€™s thesis, University of Albert},
  year={2004}
}

@book{nisan2007algorithmic,
  title={Algorithmic game theory},
  author={Nisan, Noam and Roughgarden, Tim and Tardos, Eva and Vazirani, Vijay V},
  year={2007},
  publisher={Cambridge university press}
}
