@book{archer2010climate,
  title={The climate crisis: An introductory guide to climate change},
  author={Archer, David and Rahmstorf, Stefan},
  year={2010},
  publisher={Cambridge University Press}
}

@inproceedings{fisichella2015,
  author    = {Ceroni, Andrea  and Gadiraju, Ujwal and Fisichella, Marco},
  editor    = {James Bailey and
               Alistair Moffat and
               Charu C. Aggarwal and
               Maarten de Rijke and
               Ravi Kumar and
               Vanessa Murdock and
               Timos K. Sellis and
               Jeffrey Xu Yu},
  title     = {Improving Event Detection by Automatically Assessing Validity of Event
               Occurrence in Text},
  booktitle = {Proceedings of the 24th {ACM} International Conference on Information
               and Knowledge Management, {CIKM} 2015, Melbourne, VIC, Australia,
               October 19 - 23, 2015},
  pages     = {1815--1818},
  publisher = {{ACM}},
  year      = {2015},
  url       = {https://doi.org/10.1145/2806416.2806624},
  doi       = {10.1145/2806416.2806624},
  timestamp = {Mon, 26 Apr 2021 09:27:03 +0200},
  biburl    = {https://dblp.org/rec/conf/cikm/CeroniGF15.bib},
  bibsource = {dblp computer science bibliography, https://dblp.org}
}

@article{o2014new,
  title={A new scenario framework for climate change research: the concept of shared socioeconomic pathways},
  author={O’Neill, Brian C and Kriegler, Elmar and Riahi, Keywan and Ebi, Kristie L and Hallegatte, Stephane and Carter, Timothy R and Mathur, Ritu and van Vuuren, Detlef P},
  journal={Climatic change},
  volume={122},
  number={3},
  pages={387--400},
  year={2014},
  publisher={Springer}
}

@article{o2020achievements,
  title={Achievements and needs for the climate change scenario framework},
  author={O’Neill, Brian C and Carter, Timothy R and Ebi, Kristie and Harrison, Paula A and Kemp-Benedict, Eric and Kok, Kasper and Kriegler, Elmar and Preston, Benjamin L and Riahi, Keywan and Sillmann, Jana and others},
  journal={Nature climate change},
  volume={10},
  number={12},
  pages={1074--1084},
  year={2020},
  publisher={Nature Publishing Group}
}

@article{rolnick2019tackling,
  title={Tackling climate change with machine learning},
  author={Rolnick, David and Donti, Priya L and Kaack, Lynn H and Kochanski, Kelly and Lacoste, Alexandre and Sankaran, Kris and Ross, Andrew Slavin and Milojevic-Dupont, Nikola and Jaques, Natasha and Waldman-Brown, Anna and others},
  journal={arXiv preprint arXiv:1906.05433},
  year={2019}
}

@article{clayton2020climate,
  title={Climate anxiety: Psychological responses to climate change},
  author={Clayton, Susan},
  journal={Journal of Anxiety Disorders},
  volume={74},
  pages={102263},
  year={2020},
  publisher={Elsevier}
}

@article{clayton2015psychological,
  title={Psychological research and global climate change},
  author={Clayton, Susan and Devine-Wright, Patrick and Stern, Paul C and Whitmarsh, Lorraine and Carrico, Amanda and Steg, Linda and Swim, Janet and Bonnes, Mirilia},
  journal={Nature climate change},
  volume={5},
  number={7},
  pages={640--646},
  year={2015},
  publisher={Nature Publishing Group}
}

@article{wolf2011individual,
  title={Individual understandings, perceptions, and engagement with climate change: insights from in-depth studies across the world},
  author={Wolf, Johanna and Moser, Susanne C},
  journal={Wiley Interdisciplinary Reviews: Climate Change},
  volume={2},
  number={4},
  pages={547--569},
  year={2011},
  publisher={Wiley Online Library}
}

@article{mavrodieva2019role,
  title={Role of social media as a soft power tool in raising public awareness and engagement in addressing climate change},
  author={Mavrodieva, Aleksandrina V and Rachman, Okky K and Harahap, Vito B and Shaw, Rajib},
  journal={Climate},
  volume={7},
  number={10},
  pages={122},
  year={2019},
  publisher={Multidisciplinary Digital Publishing Institute}
}

@article{kryvasheyeu2016rapid,
  title={Rapid assessment of disaster damage using social media activity},
  author={Kryvasheyeu, Yury and Chen, Haohui and Obradovich, Nick and Moro, Esteban and Van Hentenryck, Pascal and Fowler, James and Cebrian, Manuel},
  journal={Science advances},
  volume={2},
  number={3},
  pages={e1500779},
  year={2016},
  publisher={American Association for the Advancement of Science}
}

@article{fownes2018twitter,
  title={Twitter and climate change},
  author={Fownes, Jennifer R and Yu, Chao and Margolin, Drew B},
  journal={Sociology Compass},
  volume={12},
  number={6},
  pages={e12587},
  year={2018},
  publisher={Wiley Online Library}
}

@article{kirilenko2014public,
  title={Public microblogging on climate change: One year of Twitter worldwide},
  author={Kirilenko, Andrei P and Stepchenkova, Svetlana O},
  journal={Global environmental change},
  volume={26},
  pages={171--182},
  year={2014},
  publisher={Elsevier}
}

@article{lutzke2019priming,
  title={Priming critical thinking: Simple interventions limit the influence of fake news about climate change on Facebook},
  author={Lutzke, Lauren and Drummond, Caitlin and Slovic, Paul and {\'A}rvai, Joseph},
  journal={Global Environmental Change},
  volume={58},
  pages={101964},
  year={2019},
  publisher={Elsevier}
}

@article{deo2020evidence,
  title={Evidence of climate change engagement behaviour on a Facebook fan-based page},
  author={Deo, Kirtika and Prasad, Abhnil Amtesh},
  journal={Sustainability},
  volume={12},
  number={17},
  pages={7038},
  year={2020},
  publisher={Multidisciplinary Digital Publishing Institute}
}

@article{allgaier2019science,
  title={Science and environmental communication on YouTube: strategically distorted communications in online videos on climate change and climate engineering},
  author={Allgaier, Joachim},
  journal={Frontiers in Communication},
  volume={4},
  pages={36},
  year={2019},
  publisher={Frontiers}
}
@article{lineman2015talking,
  title={Talking about climate change and global warming},
  author={Lineman, Maurice and Do, Yuno and Kim, Ji Yoon and Joo, Gea-Jae},
  journal={PloS one},
  volume={10},
  number={9},
  pages={e0138996},
  year={2015},
  publisher={Public Library of Science San Francisco, CA USA}
}

@article{hamed2015measuring,
  title={Measuring climate change on Twitter using Google’s algorithm: Perception and events},
  author={Hamed, Ahmed Abdeen and Ayer, Alexa A and Clark, Eric M and Irons, Erin A and Taylor, Grant T and Zia, Asim},
  journal={International Journal of Web Information Systems},
  year={2015},
  publisher={Emerald Group Publishing Limited}
}
@article{dahal2019topic,
  title={Topic modeling and sentiment analysis of global climate change tweets},
  author={Dahal, Biraj and Kumar, Sathish AP and Li, Zhenlong},
  journal={Social Network Analysis and Mining},
  volume={9},
  number={1},
  pages={1--20},
  year={2019},
  publisher={Springer}
}
@book{pariser2011filter,
  title={The filter bubble: What the Internet is hiding from you},
  author={Pariser, Eli},
  year={2011},
  publisher={Penguin UK}
}

@article{bessi2016users,
  title={Users polarization on Facebook and Youtube},
  author={Bessi, Alessandro and Zollo, Fabiana and Del Vicario, Michela and Puliga, Michelangelo and Scala, Antonio and Caldarelli, Guido and Uzzi, Brian and Quattrociocchi, Walter},
  journal={PloS one},
  volume={11},
  number={8},
  pages={e0159641},
  year={2016},
  publisher={Public Library of Science San Francisco, CA USA}
}

@article{yardi2010dynamic,
  title={Dynamic debates: An analysis of group polarization over time on twitter},
  author={Yardi, Sarita and Boyd, Danah},
  journal={Bulletin of science, technology \& society},
  volume={30},
  number={5},
  pages={316--327},
  year={2010},
  publisher={SAGE Publications Sage CA: Los Angeles, CA}
}

@article{del2016echo,
  title={Echo chambers: Emotional contagion and group polarization on facebook},
  author={Del Vicario, Michela and Vivaldo, Gianna and Bessi, Alessandro and Zollo, Fabiana and Scala, Antonio and Caldarelli, Guido and Quattrociocchi, Walter},
  journal={Scientific reports},
  volume={6},
  number={1},
  pages={1--12},
  year={2016},
  publisher={Nature Publishing Group}
}

@inproceedings{garimella2017long,
  title={A long-term analysis of polarization on Twitter},
  author={Garimella, Venkata Rama Kiran and Weber, Ingmar},
  booktitle={Proceedings of the International AAAI Conference on Web and Social Media},
  volume={11},
  number={1},
  year={2017}
}

@inproceedings{conover2011political,
  title={Political polarization on twitter},
  author={Conover, Michael D and Ratkiewicz, Jacob and Francisco, Matthew and Gon{\c{c}}alves, Bruno and Menczer, Filippo and Flammini, Alessandro},
  booktitle={Fifth international AAAI conference on weblogs and social media},
  year={2011}
}

@article{broniatowski2018weaponized,
  title={Weaponized health communication: Twitter bots and Russian trolls amplify the vaccine debate},
  author={Broniatowski, David A and Jamison, Amelia M and Qi, SiHua and AlKulaib, Lulwah and Chen, Tao and Benton, Adrian and Quinn, Sandra C and Dredze, Mark},
  journal={American journal of public health},
  volume={108},
  number={10},
  pages={1378--1384},
  year={2018},
  publisher={American Public Health Association}
}

@inproceedings{mitra2016understanding,
  title={Understanding anti-vaccination attitudes in social media},
  author={Mitra, Tanushree and Counts, Scott and Pennebaker, James W},
  booktitle={Tenth International AAAI Conference on Web and Social Media},
  year={2016}
}

@article{jang2015polarized,
  title={Polarized frames on “climate change” and “global warming” across countries and states: Evidence from Twitter big data},
  author={Jang, S Mo and Hart, P Sol},
  journal={Global Environmental Change},
  volume={32},
  pages={11--17},
  year={2015},
  publisher={Elsevier}
}

@article{cann2021ideological,
  title={Ideological biases in social sharing of online information about climate change},
  author={Cann, Tristan JB and Weaver, Iain S and Williams, Hywel TP},
  journal={Plos one},
  volume={16},
  number={4},
  pages={e0250656},
  year={2021},
  publisher={Public Library of Science San Francisco, CA USA}
}

@article{haussler2018heating,
  title={Heating up the debate? Measuring fragmentation and polarisation in a German climate change hyperlink network},
  author={H{\"a}ussler, Thomas},
  journal={Social Networks},
  volume={54},
  pages={303--313},
  year={2018},
  publisher={Elsevier}
}

@article{pearce2014climate,
  title={Climate change on Twitter: Topics, communities and conversations about the 2013 IPCC Working Group 1 report},
  author={Pearce, Warren and Holmberg, Kim and Hellsten, Iina and Nerlich, Brigitte},
  journal={PloS one},
  volume={9},
  number={4},
  pages={e94785},
  year={2014},
  publisher={Public Library of Science San Francisco, USA}
}

@article{williams2015network,
  title={Network analysis reveals open forums and echo chambers in social media discussions of climate change},
  author={Williams, Hywel TP and McMurray, James R and Kurz, Tim and Lambert, F Hugo},
  journal={Global environmental change},
  volume={32},
  pages={126--138},
  year={2015},
  publisher={Elsevier}
}

@inproceedings{tyagi2020affective,
  title={Affective polarization in online climate change discourse on Twitter},
  author={Tyagi, Aman and Uyheng, Joshua and Carley, Kathleen M},
  booktitle={2020 IEEE/ACM International Conference on Advances in Social Networks Analysis and Mining (ASONAM)},
  pages={443--447},
  year={2020},
  organization={IEEE}
}

@inproceedings{tyagi2020polarizing,
  title={Polarizing tweets on climate change},
  author={Tyagi, Aman and Babcock, Matthew and Carley, Kathleen M and Sicker, Douglas C},
  booktitle={International Conference on Social Computing, Behavioral-Cultural Modeling and Prediction and Behavior Representation in Modeling and Simulation},
  pages={107--117},
  year={2020},
  organization={Springer}
}
@article{kabaghe66classifying,
  title={Classifying Tweets Based on Climate Change Stance},
  author={Kabaghe, Chuma and Qin, Jason},
  journal={Training},
  volume={66},
  number={60.9},
  pages={61--6},
  year={2019}
}

@article{vychegzhanin2021new,
  title={A New Method for Stance Detection Based on Feature Selection Techniques and Ensembles of Classifiers},
  author={Vychegzhanin, Sergey and Kotelnikov, Evgeny},
  journal={IEEE Access},
  volume={9},
  pages={134899--134915},
  year={2021},
  publisher={IEEE}
}

@article{wang2020neural,
  title={Neural Stance Detection With Hierarchical Linguistic Representations},
  author={Wang, Zhongqing and Sun, Qingying and Li, Shoushan and Zhu, Qiaoming and Zhou, Guodong},
  journal={IEEE/ACM Transactions on Audio, Speech, and Language Processing},
  volume={28},
  pages={635--645},
  year={2020},
  publisher={IEEE}
}

@inproceedings{li2019multi,
  title={Multi-task stance detection with sentiment and stance lexicons},
  author={Li, Yingjie and Caragea, Cornelia},
  booktitle={Proceedings of the 2019 Conference on Empirical Methods in Natural Language Processing and the 9th International Joint Conference on Natural Language Processing (EMNLP-IJCNLP)},
  pages={6299--6305},
  year={2019}
}

@inproceedings{dey2018topical,
  title={Topical stance detection for Twitter: A two-phase LSTM model using attention},
  author={Dey, Kuntal and Shrivastava, Ritvik and Kaushik, Saroj},
  booktitle={European Conference on Information Retrieval},
  pages={529--536},
  year={2018},
  organization={Springer}
}

@inproceedings{sobhani2016detecting,
  title={Detecting stance in tweets and analyzing its interaction with sentiment},
  author={Sobhani, Parinaz and Mohammad, Saif and Kiritchenko, Svetlana},
  booktitle={Proceedings of the fifth joint conference on lexical and computational semantics},
  pages={159--169},
  year={2016}
}

@inproceedings{aldayel2019assessing,
  title={Assessing sentiment of the expressed stance on social media},
  author={Aldayel, Abeer and Magdy, Walid},
  booktitle={International Conference on Social Informatics},
  pages={277--286},
  year={2019},
  organization={Springer}
}

@inproceedings{allaway-mckeown-2020-zero,
    title = "{Z}ero-{S}hot {S}tance {D}etection: {A} {D}ataset and {M}odel using {G}eneralized {T}opic {R}epresentations",
    author = "Allaway, Emily  and
      McKeown, Kathleen",
    booktitle = "Proceedings of the 2020 Conference on Empirical Methods in Natural Language Processing (EMNLP)",
    month = nov,
    year = "2020",
    address = "Online",
    publisher = "Association for Computational Linguistics",
    url = "https://aclanthology.org/2020.emnlp-main.717",
    doi = "10.18653/v1/2020.emnlp-main.717",
    pages = "8913--8931",
    abstract = "Stance detection is an important component of understanding hidden influences in everyday life. Since there are thousands of potential topics to take a stance on, most with little to no training data, we focus on zero-shot stance detection: classifying stance from no training examples. In this paper, we present a new dataset for zero-shot stance detection that captures a wider range of topics and lexical variation than in previous datasets. Additionally, we propose a new model for stance detection that implicitly captures relationships between topics using generalized topic representations and show that this model improves performance on a number of challenging linguistic phenomena.",
}


@inproceedings{sen2020reliability,
  title={On the reliability and validity of detecting approval of political actors in tweets},
  author={Sen, Indira and Fl{\"o}ck, Fabian and Wagner, Claudia},
  booktitle={Proceedings of the 2020 Conference on Empirical Methods in Natural Language Processing (EMNLP)},
  pages={1413--1426},
  year={2020}
}

@article{zhou2021confirmation,
  title={Confirmation Bias and the Persistence of Misinformation on Climate Change},
  author={Zhou, Yanmengqian and Shen, Lijiang},
  journal={Communication Research},
  pages={00936502211028049},
  year={2021},
  publisher={SAGE Publications Sage CA: Los Angeles, CA}
}

@article{saha2021multitask,
  title={A Multitask Multimodal Ensemble Model for Sentiment-and Emotion-Aided Tweet Act Classification},
  author={Saha, Tulika and Upadhyaya, Apoorva and Saha, Sriparna and Bhattacharyya, Pushpak},
  journal={IEEE Transactions on Computational Social Systems},
  year={2021},
  publisher={IEEE}
}

@article{majumder2019sentiment,
  title={Sentiment and sarcasm classification with multitask learning},
  author={Majumder, Navonil and Poria, Soujanya and Peng, Haiyun and Chhaya, Niyati and Cambria, Erik and Gelbukh, Alexander},
  journal={IEEE Intelligent Systems},
  volume={34},
  number={3},
  pages={38--43},
  year={2019},
  publisher={IEEE}
}

@article{cody2015climate,
  title={Climate change sentiment on Twitter: An unsolicited public opinion poll},
  author={Cody, Emily M and Reagan, Andrew J and Mitchell, Lewis and Dodds, Peter Sheridan and Danforth, Christopher M},
  journal={PloS one},
  volume={10},
  number={8},
  pages={e0136092},
  year={2015},
  publisher={Public Library of Science San Francisco, CA USA}
}

@article{anderson2017social,
  title={Social media, science, and attack discourse: How Twitter discussions of climate change use sarcasm and incivility},
  author={Anderson, Ashley A and Huntington, Heidi E},
  journal={Science Communication},
  volume={39},
  number={5},
  pages={598--620},
  year={2017},
  publisher={SAGE Publications Sage CA: Los Angeles, CA}
}

@article{hemsley2021climate,
  title={Climate Change Deniers Spread Negative Emotion Laden Tweets},
  author={Hemsley, Jeff and Hopek, Jill and Lee, Jiyong},
  journal={Available at SSRN 3837367},
  year={2021}
}

@article{el2021novel,
  title={A novel sentiment analysis framework for monitoring the evolving public opinion in real-time: Case study on climate change},
  author={El Barachi, May and AlKhatib, Manar and Mathew, Sujith and Oroumchian, Farhad},
  journal={Journal of Cleaner Production},
  pages={127820},
  year={2021},
  publisher={Elsevier}
}

@article{jost2019positive,
  title={How positive is “change” in climate change? A sentiment analysis},
  author={Jost, Fran{\c{c}}ois and Dale, Ann and Schwebel, Shoshana},
  journal={Environmental Science \& Policy},
  volume={96},
  pages={27--36},
  year={2019},
  publisher={Elsevier}
}

@article{chen2020exploring,
  title={Exploring the Cognitive and Emotional Impact of Online Climate Change Videos on Viewers},
  author={Chen, Nai-Hua},
  journal={Sustainability},
  volume={12},
  number={22},
  pages={9571},
  year={2020},
  publisher={Multidisciplinary Digital Publishing Institute}
}

@inproceedings{jiang2017comparing,
  title={Comparing Attitudes to Climate Change in the Media using sentiment analysis based on Latent Dirichlet Allocation},
  author={Jiang, Ye and Song, Xingyi and Harrison, Jackie and Quegan, Shaun and Maynard, Diana},
  booktitle={Proceedings of the 2017 EMNLP Workshop: Natural Language Processing meets Journalism},
  pages={25--30},
  year={2017}
}

@article{loureiro2020sensing,
  title={Sensing climate change and energy issues: Sentiment and emotion analysis with social media in the UK and Spain},
  author={Loureiro, Maria L and All{\'o}, Maria},
  journal={Energy Policy},
  volume={143},
  pages={111490},
  year={2020},
  publisher={Elsevier}
}

@inproceedings{misra-etal-2016-nlds,
    title = "{NLDS}-{UCSC} at {S}em{E}val-2016 Task 6: A Semi-Supervised Approach to Detecting Stance in Tweets",
    author = "Misra, Amita  and
      Ecker, Brian  and
      Handleman, Theodore  and
      Hahn, Nicolas  and
      Walker, Marilyn",
    booktitle = "Proceedings of the 10th International Workshop on Semantic Evaluation ({S}em{E}val-2016)",
    month = jun,
    year = "2016",
    publisher = "Association for Computational Linguistics",
}
@inproceedings{tyagi2020computational,
  title={A computational analysis of polarization on Indian and Pakistani social media},
  author={Tyagi, Aman and Field, Anjalie and Lathwal, Priyank and Tsvetkov, Yulia and Carley, Kathleen M},
  booktitle={International Conference on Social Informatics},
  pages={364--379},
  year={2020},
  organization={Springer}
}

@inproceedings{weber2013secular,
  title={Secular vs. islamist polarization in egypt on twitter},
  author={Weber, Ingmar and Garimella, Venkata R Kiran and Batayneh, Alaa},
  booktitle={Proceedings of the 2013 IEEE/ACM international conference on advances in social networks analysis and mining},
  pages={290--297},
  year={2013}
}

@article{garimella2018quantifying,
  title={Quantifying controversy on social media},
  author={Garimella, Kiran and Morales, Gianmarco De Francisci and Gionis, Aristides and Mathioudakis, Michael},
  journal={ACM Transactions on Social Computing},
  volume={1},
  number={1},
  pages={1--27},
  year={2018},
  publisher={ACM New York, NY, USA}
}


@article{singh2021multitask,
  title={Multitask learning for complaint identification and sentiment analysis},
  author={Singh, Apoorva and Saha, Sriparna and Hasanuzzaman, Md and Dey, Kuntal},
  journal={Cognitive Computation},
  pages={1--16},
  year={2021},
  publisher={Springer}
}

@inproceedings{hutto2014vader,
  title={Vader: A parsimonious rule-based model for sentiment analysis of social media text},
  author={Hutto, Clayton and Gilbert, Eric},
  booktitle={Proceedings of the International AAAI Conference on Web and Social Media},
  volume={8},
  number={1},
  year={2014}
}

@inproceedings{baziotis2017datastories,
  title={Datastories at semeval-2017 task 4: Deep lstm with attention for message-level and topic-based sentiment analysis},
  author={Baziotis, Christos and Pelekis, Nikos and Doulkeridis, Christos},
  booktitle={Proceedings of the 11th international workshop on semantic evaluation (SemEval-2017)},
  pages={747--754},
  year={2017}
}

@inproceedings{anwar2021analyzing,
  title={Analyzing QAnon on Twitter in Context of US Elections 2020: Analysis of User Messages and Profiles Using VADER and BERT Topic modeling},
  author={Anwar, Ahmed and Ilyas, Haider and Yaqub, Ussama and Zaman, Salma},
  booktitle={DG. O2021: The 22nd Annual International Conference on Digital Government Research},
  pages={82--88},
  year={2021}
}
@misc{grootendorst2020bertopic,
  author       = {Maarten Grootendorst},
  title        = {BERTopic: Leveraging BERT and c-TF-IDF to create easily interpretable topics.},
  year         = 2020,
  publisher    = {Zenodo},
  version      = {v0.9.4},
  doi          = {10.5281/zenodo.4381785},
  url          = {https://doi.org/10.5281/zenodo.4381785}
}

@inproceedings{DBLP:conf/naacl/DevlinCLT19,
  author    = {Jacob Devlin and
               Ming{-}Wei Chang and
               Kenton Lee and
               Kristina Toutanova},
  title     = {{BERT:} Pre-training of Deep Bidirectional Transformers for Language
               Understanding},
  booktitle = {Proceedings of the 2019 Conference of the North American Chapter of
               the Association for Computational Linguistics: Human Language Technologies,
               {NAACL-HLT} 2019, Minneapolis, MN, USA, June 2-7, 2019, Volume 1 (Long
               and Short Papers)},
  pages     = {4171--4186},
  year      = {2019},
  
}

@article{hochreiter1997long,
  title={Long short-term memory},
  author={Hochreiter, Sepp and Schmidhuber, J{\"u}rgen},
  journal={Neural computation},
  volume={9},
  number={8},
  pages={1735--1780},
  year={1997},
  publisher={MIT Press}
}


@inproceedings{vaswani2017attention,
  title={Attention is all you need},
  author={Vaswani, Ashish and Shazeer, Noam and Parmar, Niki and Uszkoreit, Jakob and Jones, Llion and Gomez, Aidan N and Kaiser, {\L}ukasz and Polosukhin, Illia},
  booktitle={Advances in neural information processing systems},
  pages={5998--6008},
  year={2017}
}


@inproceedings{wu2019different,
  title={Different absorption from the same sharing: Sifted multi-task learning for fake news detection},
  author={Wu, Lianwei and Rao, Yuan and Jin, Haolin and Nazir, Ambreen and Sun, Ling},
  booktitle={Empirical Methods in Natural Language Processing and the 9th International Joint Conference on Natural Language Processing (EMNLP-IJCNLP)},
  pages={4636-4645},
  year={2019}
}

@inproceedings{DBLP:conf/acl/MouMLX0YJ16,
  author    = {Lili Mou and
               Rui Men and
               Ge Li and
               Yan Xu and
               Lu Zhang and
               Rui Yan and
               Zhi Jin},
  title     = {Natural Language Inference by Tree-Based Convolution and Heuristic
               Matching},
  booktitle = {Proceedings of the 54th Annual Meeting of the Association for Computational
               Linguistics, {ACL} 2016, August 7-12, 2016, Berlin, Germany, Volume
               2: Short Papers},
  publisher = {The Association for Computer Linguistics},
  year      = {2016},
  url       = {https://doi.org/10.18653/v1/p16-2022},
  doi       = {10.18653/v1/p16-2022},
  timestamp = {Fri, 06 Aug 2021 00:40:51 +0200}
}

@article{mou2015natural,
  title={Natural language inference by tree-based convolution and heuristic matching},
  author={Mou, Lili and Men, Rui and Li, Ge and Xu, Yan and Zhang, Lu and Yan, Rui and Jin, Zhi},
  journal={arXiv preprint arXiv:1512.08422},
  year={2015}
}

@inproceedings{DBLP:conf/acl/LiuQH17,
  author    = {Pengfei Liu and
               Xipeng Qiu and
               Xuanjing Huang},
  editor    = {Regina Barzilay and
               Min{-}Yen Kan},
  title     = {Adversarial Multi-task Learning for Text Classification},
  booktitle = {Proceedings of the 55th Annual Meeting of the Association for Computational
               Linguistics, {ACL} 2017},
  pages     = {1--10},
    year      = {2017},
    url       = {https://doi.org/10.18653/v1/P17-1001},
}



@inproceedings{tyagi2020affective,
  title={Affective polarization in online climate change discourse on Twitter},
  author={Tyagi, Aman and Uyheng, Joshua and Carley, Kathleen M},
  booktitle={2020 IEEE/ACM International Conference on Advances in Social Networks Analysis and Mining (ASONAM)},
  pages={443--447},
  year={2020},
  organization={IEEE}
}

@article{argyris2021using,
  title={Using Machine Learning to Compare Provaccine and Antivaccine Discourse Among the Public on Social Media: Algorithm Development Study},
  author={Argyris, Young Anna and Monu, Kafui and Tan, Pang-Ning and Aarts, Colton and Jiang, Fan and Wiseley, Kaleigh Anne},
  journal={JMIR public health and surveillance},
  volume={7},
  number={6},
  pages={e23105},
  year={2021},
  publisher={JMIR Publications Inc., Toronto, Canada}
}

@article{vychegzhanin2021new,
  title={A New Method for Stance Detection Based on Feature Selection Techniques and Ensembles of Classifiers},
  author={Vychegzhanin, Sergey and Kotelnikov, Evgeny},
  journal={IEEE Access},
  volume={9},
  pages={134899--134915},
  year={2021},
  publisher={IEEE}
}

@article{wang2020neural,
  title={Neural Stance Detection With Hierarchical Linguistic Representations},
  author={Wang, Zhongqing and Sun, Qingying and Li, Shoushan and Zhu, Qiaoming and Zhou, Guodong},
  journal={IEEE/ACM Transactions on Audio, Speech, and Language Processing},
  volume={28},
  pages={635--645},
  year={2020},
  publisher={IEEE}
}
@inproceedings{li2019multi,
  title={Multi-task stance detection with sentiment and stance lexicons},
  author={Li, Yingjie and Caragea, Cornelia},
  booktitle={Proceedings of the 2019 Conference on Empirical Methods in Natural Language Processing and the 9th International Joint Conference on Natural Language Processing (EMNLP-IJCNLP)},
  pages={6299--6305},
  year={2019}
}

@inproceedings{chen2019detecting
,
  title={Detecting climate change deniers on twitter using a deep neural network},
  author={Chen, Xingyu and Zou, Lei and Zhao, Bo},
  booktitle={Proceedings of the 2019 11th International Conference on Machine Learning and Computing},
  pages={204--210},
  year={2019}
}

@article{hickmann2021united,
  title={The United Nations Framework Convention on Climate Change Secretariat as an orchestrator in global climate policymaking},
  author={Hickmann, Thomas and Widerberg, Oscar and Lederer, Markus and Pattberg, Philipp},
  journal={International Review of Administrative Sciences},
  volume={87},
  number={1},
  pages={21--38},
  year={2021},
  publisher={SAGE Publications Sage UK: London, England}
}

@article{myhre2013climate,
  title={Climate change 2013: the physical science basis. Contribution of Working Group I to the Fifth Assessment Report of the Intergovernmental Panel on Climate Change},
  author={Myhre, Gunnar and Shindell, Drew and Br{\'e}on, Fran{\c{c}}ois-Marie and Collins, William and Fuglestvedt, Jan and Huang, Jianping and Koch, Dorothy and Lamarque, Jean-Fran{\c{c}}ois and Lee, David and Mendoza, Blanca and others},
  journal={K., Tignor, M., Allen, SK, Boschung, J., Nauels, A., Xia, Y., Bex, V., and Midgley, PM, Cambridge University Press Cambridge, United Kingdom and New York, NY, USA},
  year={2013}
}

@article{shi2015public,
  title={Public perception of climate change: The importance of knowledge and cultural worldviews},
  author={Shi, Jing and Visschers, Vivianne HM and Siegrist, Michael},
  journal={Risk Analysis},
  volume={35},
  number={12},
  pages={2183--2201},
  year={2015},
  publisher={Wiley Online Library}
}

@article{van2017determinants,
  title={Determinants and measurement of climate change risk perception, worry, and concern},
  author={Van der Linden, Sander},
  journal={The Oxford Encyclopedia of Climate Change Communication. Oxford University Press, Oxford, UK},
  year={2017}
}

@inproceedings{DBLP:conf/aaai/GautamVM21,
  author    = {Akansha Gautam and
               Venktesh V and
               Sarah Masud},
  editor    = {Tanmoy Chakraborty and
               Kai Shu and
               H. Russell Bernard and
               Huan Liu and
               Md. Shad Akhtar},
  title     = {Fake News Detection System Using XLNet Model with Topic Distributions:
               CONSTRAINT@AAAI2021 Shared Task},
  booktitle = {Combating Online Hostile Posts in Regional Languages during Emergency
               Situation - First International Workshop, {CONSTRAINT} 2021, Collocated
               with {AAAI} 2021},
  series    = {Communications in Computer and Information Science},
  volume    = {1402},
  pages     = {189--200},
  publisher = {Springer},
  year      = {2021},
}

@article{roesslein2020tweepy,
  title={Tweepy: Twitter for Python!},
  author={Roesslein, Joshua},
  journal={URL: https://github.com/tweepy/tweepy},
  year={2020}
}

@inproceedings{mohammad2016semeval,
  title={Semeval-2016 task 6: Detecting stance in tweets},
  author={Mohammad, Saif and Kiritchenko, Svetlana and Sobhani, Parinaz and Zhu, Xiaodan and Cherry, Colin},
  booktitle={Proceedings of the 10th international workshop on semantic evaluation (SemEval-2016)},
  pages={31--41},
  year={2016}
}
@inproceedings{bergstra2013hyperopt,
  title={Hyperopt: A python library for optimizing the hyperparameters of machine learning algorithms},
  author={Bergstra, James and Yamins, Dan and Cox, David D and others},
  booktitle={Proceedings of the 12th Python in science conference},
  volume={13},
  pages={20},
  year={2013},
  organization={Citeseer}
}

@inproceedings{sklearn_api,
  author    = {Lars Buitinck and Gilles Louppe and Mathieu Blondel and
               Fabian Pedregosa and Andreas Mueller and Olivier Grisel and
               Vlad Niculae and Peter Prettenhofer and Alexandre Gramfort
               and Jaques Grobler and Robert Layton and Jake VanderPlas and
               Arnaud Joly and Brian Holt and Ga{\"{e}}l Varoquaux},
  title     = {{API} design for machine learning software: experiences from the scikit-learn
               project},
  booktitle = {ECML PKDD Workshop: Languages for Data Mining and Machine Learning},
  year      = {2013},
  pages = {108--122},
}

@article{welch1947generalization,
  title={The generalization of ‘STUDENT'S’problem when several different population varlances are involved},
  author={Welch, Bernard L},
  journal={Biometrika},
  volume={34},
  number={1-2},
  pages={28--35},
  year={1947},
  publisher={Oxford University Press}
}

@inproceedings{papoutsaki2016webgazer,
  author = {Alexandra Papoutsaki and Patsorn Sangkloy and James Laskey and Nediyana Daskalova and Jeff Huang and James Hays},
  title = {WebGazer: Scalable Webcam Eye Tracking Using User Interactions},
  booktitle = {Proceedings of the 25th International Joint Conference on Artificial Intelligence (IJCAI)},
  pages = {3839--3845},
  year = {2016},
  organization={AAAI}
}

@data{DVN/5QCCUU_2019,
author = {Littman, Justin and Wrubel, Laura},
publisher = {Harvard Dataverse},
title = {{Climate Change Tweets Ids}},
year = {2019},
version = {V1},
doi = {10.7910/DVN/5QCCUU},
url = {https://doi.org/10.7910/DVN/5QCCUU}
}

@article{samantray2019credibility,
  title={Credibility of climate change denial in social media},
  author={Samantray, Abhishek and Pin, Paolo},
  journal={Palgrave Communications},
  volume={5},
  number={1},
  pages={1--8},
  year={2019},
  publisher={Palgrave}
}

@article{caruana1997multitask,
  title={Multitask learning},
  author={Caruana, Rich},
  journal={Machine learning},
  volume={28},
  number={1},
  pages={41--75},
  year={1997},
  publisher={Springer}
}

@inproceedings{chauhan2019attention,
  title={Attention based shared representation for multi-task stance detection and sentiment analysis},
  author={Chauhan, Dushyant Singh and Kumar, Rohan and Ekbal, Asif},
  booktitle={International Conference on Neural Information Processing},
  pages={661--669},
  year={2019},
  organization={Springer}
}

@article{luo2020detecting,
  title={Detecting Stance in Media on Global Warming},
  author={Luo, Yiwei and Card, Dallas and Jurafsky, Dan},
  journal={arXiv preprint arXiv:2010.15149},
  year={2020}
}

@article{spitzer1967quantification,
  title={Quantification of agreement in psychiatric diagnosis: A new approach},
  author={Spitzer, Robert L and Cohen, Jacob and Fleiss, Joseph L and Endicott, Jean},
  journal={Archives of General Psychiatry},
  volume={17},
  number={1},
  pages={83--87},
  year={1967},
  publisher={American Medical Association}
}

@inproceedings{DBLP:conf/coling/ZhouQZXBX16,
  author    = {Peng Zhou and
               Zhenyu Qi and
               Suncong Zheng and
               Jiaming Xu and
               Hongyun Bao and
               Bo Xu},
  editor    = {Nicoletta Calzolari and
               Yuji Matsumoto and
               Rashmi Prasad},
  title     = {Text Classification Improved by Integrating Bidirectional {LSTM} with
               Two-dimensional Max Pooling},
  booktitle = {{COLING} 2016, 26th International Conference on Computational Linguistics,
               Proceedings of the Conference: Technical Papers, December 11-16, 2016,
               Osaka, Japan},
  pages     = {3485--3495},
  publisher = {{ACL}},
  year      = {2016},
  url       = {https://aclanthology.org/C16-1329/},
  timestamp = {Fri, 06 Aug 2021 00:39:56 +0200},
  biburl    = {https://dblp.org/rec/conf/coling/ZhouQZXBX16.bib},
  bibsource = {dblp computer science bibliography, https://dblp.org}
}

@article{bahdanau2014neural,
  title={Neural machine translation by jointly learning to align and translate},
  author={Bahdanau, Dzmitry and Cho, Kyunghyun and Bengio, Yoshua},
  journal={arXiv preprint arXiv:1409.0473},
  year={2014}
}