@article{pekelis2015new,
  title={The new stats engine},
  author={Pekelis, Leo and Walsh, David and Johari, Ramesh},
  journal={Internet. Retrieved December},
  volume={6},
  pages={2015},
  year={2015}
}
@article{johari2015always,
  title={Always valid inference: Bringing sequential analysis to A/B testing},
  author={Johari, Ramesh and Pekelis, Leo and Walsh, David J},
  journal={arXiv preprint arXiv:1512.04922},
  year={2015}
}
@article{robbins1974expected,
  title={The expected sample size of some tests of power one},
  author={Robbins, H and Siegmund, D},
  journal={The Annals of Statistics},
  pages={415--436},
  year={1974},
  publisher={JSTOR}
}
@inproceedings{johari2017peeking,
  title={Peeking at a/b tests: Why it matters, and what to do about it},
  author={Johari, Ramesh and Koomen, Pete and Pekelis, Leonid and Walsh, David},
  booktitle={Proceedings of the 23rd ACM SIGKDD International Conference on Knowledge Discovery and Data Mining},
  pages={1517--1525},
  year={2017},
  organization={ACM}
}
@article{robbins1970statistical,
  title={Statistical methods related to the law of the iterated logarithm},
  author={Robbins, Herbert},
  journal={The Annals of Mathematical Statistics},
  volume={41},
  number={5},
  pages={1397--1409},
  year={1970},
  publisher={JSTOR}
}
@incollection{boos2013large5,
  title={Large Sample Theory: The Basics},
  author={Boos, Denni D and Stefanski, LA},
  booktitle={Essential Statistical Inference},
  pages={207--274},
  year={2013},
  publisher={Springer}
}
@incollection{boos2013large6,
  title={Large Sample Results for Likelihood-Based Methods},
  author={Boos, Denni D and Stefanski, LA},
  booktitle={Essential Statistical Inference},
  pages={275--293},
  year={2013},
  publisher={Springer}
}
@book{lehmann2006testing,
  title={Testing statistical hypotheses},
  author={Lehmann, Erich L and Romano, Joseph P},
  year={2006},
  publisher={Springer Science \& Business Media}
}
@book{hsu1996multiple,
  title={Multiple comparisons: theory and methods},
  author={Hsu, Jason},
  year={1996},
  publisher={Chapman and Hall/CRC}
}
@book{Miller1966simultaneous,
  title={Simultaneous Statistical Inference},
  author={Miller, R.G., Jr.},
  year={1966},
  publisher={New York: McGraw-Hill Book Co.}
}
@article{benjamini1995controlling,
  title={Controlling the false discovery rate: a practical and powerful approach to multiple testing},
  author={Benjamini, Yoav and Hochberg, Yosef},
  journal={Journal of the Royal statistical society: series B (Methodological)},
  volume={57},
  number={1},
  pages={289--300},
  year={1995},
  publisher={Wiley Online Library}
}
@article{wald1945sequential,
  title={Sequential tests of statistical hypotheses},
  author={Wald, Abraham},
  journal={The annals of mathematical statistics},
  volume={16},
  number={2},
  pages={117--186},
  year={1945},
  publisher={JSTOR}
}
@article{benjamini2001control,
  title={The control of the false discovery rate in multiple testing under dependency},
  author={Benjamini, Yoav and Yekutieli, Daniel and others},
  journal={The annals of statistics},
  volume={29},
  number={4},
  pages={1165--1188},
  year={2001},
  publisher={Institute of Mathematical Statistics}
}
@article{shafer2011test,
  title={Test martingales, Bayes factors and p-values},
  author={Shafer, Glenn and Shen, Alexander and Vereshchagin, Nikolai and Vovk, Vladimir and others},
  journal={Statistical Science},
  volume={26},
  number={1},
  pages={84--101},
  year={2011},
  publisher={Institute of Mathematical Statistics}
}
@article{kohavi2009controlled,
  title={Controlled experiments on the web: survey and practical guide},
  author={Kohavi, Ron and Longbotham, Roger and Sommerfield, Dan and Henne, Randal M},
  journal={Data mining and knowledge discovery},
  volume={18},
  number={1},
  pages={140--181},
  year={2009},
  publisher={Springer}
}
@article{simmons2011false,
  title={False-positive psychology: Undisclosed flexibility in data collection and analysis allows presenting anything as significant},
  author={Simmons, Joseph P and Nelson, Leif D and Simonsohn, Uri},
  journal={Psychological science},
  volume={22},
  number={11},
  pages={1359--1366},
  year={2011},
  publisher={Sage Publications Sage CA: Los Angeles, CA}
}
@article{goodson2014most,
  title={Most winning a/b test results are illusory},
  author={Goodson, Martin},
  journal={Whitepaper, Qubit, Jan},
  year={2014}
}
@inproceedings{ju2019sequential,
  title={A Sequential Test for Selecting the Better Variant: Online A/B testing, Adaptive Allocation, and Continuous Monitoring},
  author={Ju, Nianqiao and Hu, Diane and Henderson, Adam and Hong, Liangjie},
  booktitle={Proceedings of the Twelfth ACM International Conference on Web Search and Data Mining},
  pages={492--500},
  year={2019},
  organization={ACM}
}
@article{grimmer2017estimating,
  title={Estimating heterogeneous treatment effects and the effects of heterogeneous treatments with ensemble methods},
  author={Grimmer, Justin and Messing, Solomon and Westwood, Sean J},
  journal={Political Analysis},
  volume={25},
  number={4},
  pages={413--434},
  year={2017},
  publisher={Cambridge University Press}
}
@article{lai2001sequential,
  title={Sequential analysis: some classical problems and new challenges},
  author={Lai, Tze Leung},
  journal={Statistica Sinica},
  pages={303--351},
  year={2001},
  publisher={JSTOR}
}
@article{kulldorff2011maximized,
  title={A maximized sequential probability ratio test for drug and vaccine safety surveillance},
  author={Kulldorff, Martin and Davis, Robert L and Kolczak, Margarette and Lewis, Edwin and Lieu, Tracy and Platt, Richard},
  journal={Sequential analysis},
  volume={30},
  number={1},
  pages={58--78},
  year={2011},
  publisher={Taylor \& Francis}
}
@article{pollak1978optimality,
  title={Optimality and almost optimality of mixture stopping rules},
  author={Pollak, Moshe},
  journal={The Annals of Statistics},
  pages={910--916},
  year={1978},
  publisher={JSTOR}
}
@inproceedings{malek2017sequential,
  title={Sequential multiple hypothesis testing with type I error control},
  author={Malek, Alan and Katariya, Sumeet and Chow, Yinlam and Ghavamzadeh, Mohammad},
  booktitle={Artificial Intelligence and Statistics},
  pages={1468--1476},
  year={2017}
}
@article{balsubramani2015sequential,
  title={Sequential nonparametric testing with the law of the iterated logarithm},
  author={Balsubramani, Akshay and Ramdas, Aaditya},
  journal={arXiv preprint arXiv:1506.03486},
  year={2015}
}
@inproceedings{abhishek2017nonparametric,
  title={A nonparametric sequential test for online randomized experiments},
  author={Abhishek, Vineet and Mannor, Shie},
  booktitle={Proceedings of the 26th International Conference on World Wide Web Companion},
  pages={610--616},
  year={2017},
  organization={International World Wide Web Conferences Steering Committee}
}
@book{grimmett2001probability,
  title={Probability and random processes},
  author={Grimmett, Geoffrey and Grimmett, Geoffrey R and Stirzaker, David},
  year={2001},
  publisher={Oxford university press}
}