@article{song2021score,
  title={Score-based generative modeling through stochastic differential equations},
  author={Song, Yang and Sohl-Dickstein, Jascha and Kingma, Diederik P and Kumar, Abhishek and Ermon, Stefano and Poole, Ben},
  journal={International Conference on Learning Representations (ICLR)},
  year={2021}
}

@article{jonathan2020ddpm,
  author={Jonathan Ho and Ajay Jain and Pieter Abbeel},
  title={Denoising Diffusion Probabilistic Models},
  journal = {Conference and Workshop on Neural Information Processing Systems (NeurIPS)},
  year={2020}
}

@article{ramesh2022dalle2,
  title={Hierarchical Text-Conditional Image Generation with CLIP Latents},
  author={Ramesh, Aditya and Dhariwal, Prafulla and Nichol, Alex and Chu, Casey and Chen, Mark},
  journal={arXiv preprint arXiv:2204.06125},
  year={2022}
}

@article{ren2021fastspeech2,
    author={Ren, Yi and Hu, Chenxu and Tan, Xu and Qin, Tao and Zhao, Sheng and others},
    title={FastSpeech 2: Fast and High-Quality End-to-End Text to Speech},
    journal={International Conference on Learning Representations (ICLR)},
    year={2021},
}

@article{radford2020gpt3,
    title={Language Models are Few-Shot Learners},
    author={Radford, Alec and Wu, Jeff and Child, Rewon and Luan, David and Amodei, Dario and Sutskever, Ilya},
    journal={International Conference and Workshop on Neural Information Processing Systems (NeurIPS)},
    year={2020}
}

@article{huang2023makeanaudio,
  title={Make-An-Audio: Text-To-Audio Generation with Prompt-Enhanced Diffusion Models},
  author={Huang, Rongjie and Huang, Jiawei and Yang, Dongchao and Ren, Yi and Liu, Luping and Li, Mingze and Ye, Zhenhui and Liu, Jinglin and Yin, Xiang and Zhao, Zhou},
  journal={arXiv preprint arXiv:2301.12661},
  year={2023} 
}

@article{van2017vqvae,
    title={Neural Discrete Representation Learning},
    author={van den Oord, Aaron and Vinyals, Oriol and Kavukcuoglu, Koray},
    journal={International Conference and Workshop on Neural Information Processing Systems (NeurIPS)},
    year={2017}
}

@article{li2023gligen,
  title={GLIGEN: Open-Set Grounded Text-to-Image Generation},
  author={Li, Yuheng and Liu, Haotian and Wu, Qingyang and Mu, Fangzhou and Yang, Jianwei and Gao, Jianfeng and Li, Chunyuan and Lee, Yong Jae},
  journal={International Conference on Computer Vision and Pattern Recognition (CVPR)},
  year={2023}
}

@article{mei2023wavecaps,
  title={WavCaps: A ChatGPT-Assisted Weakly-Labelled Audio Captioning Dataset for Audio-Language Multimodal Research},
  author={Mei, Xinhao and Meng, Chutong and Liu, Haohe and Kong, Qiuqiang and Ko, Tom and Zhao, Chengqi and Plumbley, Mark D and Zou, Yuexian and Wang, Wenwu},
  journal={arXiv preprint arXiv:2303.17395},
  year={2023}
}

@article{ghosal2023tango,
  title={Text-to-Audio Generation using Instruction Tuned LLM and Latent Diffusion Model},
  author={Ghosal, Deepanway and Majumder, Navonil and Mehrish, Ambuj and Poria, Soujanya},
  journal={arXiv preprint arXiv:2304.13731},
  year={2023}
}

@article{jonathan2022classfree,
  title={Classifier-Free Diffusion Guidance},
  author={Jonathan, Ho and Tim, Salimans},
  journal={arXiv preprint arXiv:2207.12598},
  year={2022}
}

@article{liu2023audioldm,
  title={AudioLDM: Text-to-Audio Generation with Latent Diffusion Models},
  author={Liu, Haohe and Chen, Zehua and Yuan, Yi and Mei, Xinhao and Liu, Xubo and Mandic, Danilo and Wang, Wenwu and Plumbley, Mark D},
  journal={arXiv preprint arXiv:2301.12503},
  year={2023}
}

@article{yang2022diffsound, 
    title={Diffsound: Discrete Diffusion Model for Text-to-sound Generation}, 
    author={Yang, Dongchao and Yu, Jianwei and Wang, Helin and Wang, Wen and Weng, Chao and Zou, Yuexian and Yu, Dong}, 
    journal={arXiv preprint arXiv:2207.09983},
    year={2022}
}

@article{kreuk2022audiogen, 
    title={AudioGen: Textually Guided Audio Generation}, 
    author={Kreuk, Felix and Synnaeve, Gabrieland Polyak, Adam and Singer, Uriel and Défossez, Alexandre and Copet, Jade and Parikh, Devi and Taigman, Yaniv and Adi, Yossi}, 
    journal={arXiv preprint arXiv:2209.15352},
    year={2022}
}

@article{gemmeke2017audioset,
  title={Audio Set: An ontology and human-labeled dataset for audio events},
  author={Gemmeke, Jort F. and Ellis, Daniel P. W. and Freedman, Dylan and Jansen, Aren and Lawrence, Wade and Moore, R. Channing and Plakal, Manoj and Ritter, Marvin},
  journal={International Conference on Acoustics, Speech and Signal Processing (ICASSP)},
  year={2017},
}

@article{hershey2021audiosetstrong,
  title={The Benefit of Temporally-Strong Labels in Audio Event Classification},
  author={Hershey, Shawn and Ellis, Daniel P W and Fonseca, Eduardo and Jansen, Aren and Liu, Caroline and Channing Moore, R and Plakal, Manoj},
  journal={International Conference on Acoustics, Speech and Signal Processing (ICASSP)},
  year={2021}
}

@article{ye2021sedt,
  title={Sound Event Detection Transformer: An Event-based End-to-End Model for Sound Event Detection},
  author={Ye, Zhirong  and  Wang, Xiangdong  and  Liu, Hong  and  Qian, Yueliang  and  Tao, Rui  and  Yan, Long  and  Ouchi, Kazushige},
  journal={arXiv preprint arXiv:2110.02011},
  year={2021},
}

@article{ye2021spsedt,
  title={SP-SEDT: Self-supervised Pre-training for Sound Event Detection Transformer},
  author={Ye, Zhirong  and  Wang, Xiangdong  and  Liu, Hong  and  Qian, Yueliang  and  Tao, Rui  and  Yan, Long  and  Ouchi, Kazushige},
  journal={arXiv preprint arXiv:2111.15222},
  year={2021},
}

@article{janek2022pssed,
  title={Pre-Training and Self-Training for Sound Event Detection in Domestic Environments},
  author={Janek, Ebbers and Reinhold, Haeb-Umbach},
  journal={Detection and Classification of Acoustic Scenes and Events (DCASE)},
  year={2022},
}
@article{janek2021sased,
  title={Self-Trained Audio Tagging and Sound Event Detection in Domestic Environments},
  author={Janek, Ebbers and Reinhold, Haeb-Umbach},
  journal={Detection and Classification of Acoustic Scenes and Events (DCASE)},
  year={2021}
}
@article{janek2020fbsedt,
  title={Forward-Backward Convolutional Recurrent Neural Networks and Tag-Conditioned Convolutional Neural Networks for Weakly Labeled Semi-Supervised Sound Event Detection},
  author={Janek, Ebbers and Reinhold, Haeb-Umbach},
  journal={arXiv preprint arXiv:2103.06581},
  year={2021} 
}

@article{bistra2014diffpitch,
  title={Differences of pitch profiles in Germanic and slavic languages},
  author={Bistra, Andreeva1 and Grazyna, Demenko2 and Bernd, Möbius1 and Frank, Zimmerer3 and Jeanin, Jügler1 and Magdalena, Oleskowicz-Popiel},
  journal={International Speech Communication Association (Interspeech)},
  year={2014}
}

@article{niebuhr2019measuringas,
  title={Measuring a speaker's acoustic correlates of pitch-but which? A contrastive analysis for perceived speaker charisma},
  author={Oliver Niebuhr and Radek Skarnitzl},
  journal={International Congress of Phonetic Sciences (ICPhS)},
  year={2019}
}

@article{muller2007dtw,
  title={Dynamic Time Warping},
  author={Müller, Meinard},
  journal={Information Retrieval for Music and Motion},
  pages={69--84},
  year={2007},
}

@article{zhang2023adding,
  title={Adding Conditional Control to Text-to-Image Diffusion Models},
  author={Lvmin Zhang and Maneesh Agrawala},
  journal={arXiv preprint arXiv:2302.05543},
  year={2023} 
}

@article{kong2020panns,
  title={PANNs: Large-Scale Pretrained Audio Neural Networks for Audio Pattern Recognition},
  author={Kong, Qiuqiang and Cao, Yin and Iqbal, Turab and Wang, Yuxuan  and Wang, Wenwu and Plumbley, Mark D.},
  journal={Transactions on Audio, Speech, and Language Processing},
  pages={2880--2894},
  year={2020},
}

@article{choi2018stargan,
  title={StarGAN: Unified Generative Adversarial Networks for Multi-domain Image-to-Image Translation},
  author={Choi, Yunjey and Choi, Min-Je and Kim, Mun Su and Ha, Jung-Woo and Kim, Sunghun and Choo, Jaegul},
  journal={International Conference on Computer Vision and Pattern Recognition (CVPR)},
  year={2018}
}

@article{li2020mixnmatch,
  title={MixNMatch: Multifactor Disentanglement and Encoding for Conditional Image Generation},
  author={Li, Yuheng and Singh, Krishna Kumar and Ojha, Utkarsh and Lee, Yong Jae},
  journal={International Conference on Computer Vision and Pattern Recognition (CVPR)},
  year={2020}
}{2020}
}

@article{wang2018p2phd,
  title={High-Resolution Image Synthesis and Semantic Manipulation with Conditional GANs},
  author={Wang, Ting-Chun and Liu, Ming-Yu and Zhu, Jun-Yan and Tao, Andrew and Kautz, Jan and Catanzaro, Bryan},
  journal={International Conference on Computer Vision and Pattern Recognition (CVPR)},
  year={2018}
}

@article{jahn2021highresolutioncs,
  title={High-Resolution Complex Scene Synthesis with Transformers},
  author={Jahn, Manuel and Rombach, Robin and Ommer, Bj{\"o}rn},
  journal={arXiv preprint arXiv:2105.06458},
  year={2021}
}
@article{li2021lama,
  title={Image Synthesis from Layout with Locality-Aware Mask Adaption},
  author={Li, Zejian and Wu, Jingyu and Koh, Immanuel and Tang, Yongchuan and Sun, Lingyun},
  journal={International Conference on Computer Vision (ICCV)},
  year={2021}
}

@article{li2023blip2,
  title={BLIP-2: Bootstrapping Language-Image Pre-training with Frozen Image Encoders and Large Language Models},
  author={Li, Junnan and Li, Dongxu and Savarese, Silvio and Hoi, Steven},
  journal={arXiv preprint arXiv:2301.12597},
  year={2023} 
}

@article{wang2023one,
  title={ONE-PEACE: Exploring One General Representation Model Toward Unlimited Modalities},
  author={Wang, Peng and Wang, Shijie and Lin, Junyang and Bai, Shuai and Zhou, Xiaohuan and Zhou, Jingren and Wang, Xinggang and Zhou, Chang},
  journal={arXiv preprint arXiv:2305.11172},
  year={2023}
}
@article{zelaszczyk2021audiotoimage,
  title={Audio-to-Image Cross-Modal Generation},
  author={Zelaszczyk, Maciej and Mandziuk, Jacek},
  journal={arXiv preprint arXiv:2109.13354},
  year={2021}
}

@article{mesaros2016eventf1,
    author={Mesaros, Annamaria and Heittola, Toni and Virtanen, Tuomas},
    title={Metrics for Polyphonic Sound Event Detection},
    journal={Applied Sciences},  
    year={2016}
}
@article{li2021yoloscore,
    author={Li, Zejian and Wu, Jingyu and Koh, Immanuel and Tang, Yongchuan and Sun, Lingyun},
    title={Image Synthesis from Layout with Locality-Aware Mask Adaption},
    journal={International Conference on Computer Vision (ICCV)},  
    year={2021}
}

@article{ronneberger2015unet,
    author={Ronneberger, Olaf and Fischer, Philipp and Brox, Thomas},
    title={U-Net: Convolutional Networks for Biomedical Image Segmentation},
    journal={Medical Image Computing and Computer-Assisted Intervention (MICCAI)},  
    year={2015}
}
@article{he2016resnet,
  title={Deep Residual Learning for Image Recognition},
  author={He, Kaiming and Zhang, Xiangyu and Ren, Shaoqing and Sun, Jian},
  journal={Conference on Computer Vision and Pattern Recognition (CVPR)},
  year={2016}
}
@article{vaswani2017attention,
  title={Attention is All you Need},
  author={Vaswani, Ashish and Shazeer, Noam and Parmar, Niki and Uszkoreit, Jakob and Jones, Llion and Gomez, Aidan N. and Kaiser, \L{}ukasz and Polosukhin, Illia},
  journal = {Conference and Workshop on Neural Information Processing Systems (NeurIPS)},
  year={2017}
}
@article{kingma2013vae,
  title={Auto-Encoding Variational Bayes},
  author={Kingma, Diederik P. and Welling, Max},
  journal={arXiv preprint arXiv:1312.6114},
  year={2013}
}

@article{kong2021decouplingma,
  title={Decoupling Magnitude and Phase Estimation with Deep ResUNet for Music Source Separation},
  author={Kong, Qiuqiang and Cao, Yin and Liu, Haohe and Choi, Keunwoo and Wang, Yuxuan},
  journal={International Society for Music Information Retrieval Conference(ISMIR)},
  year={2021}
}
@article{isola2017itiadversarial,
  title={Image-to-Image Translation with Conditional Adversarial Networks},
  author={Isola, Phillip and Zhu, Jun-Yan and Zhou, Tinghui and Efros, Alexei A.},
  journal={Conference on Computer Vision and Pattern Recognition (CVPR)},
  year={2017}
}

@article{wuni2013wavelets,
  title={Wavelets for intonation modeling in HMM speech synthesis},
  author={Suni, {Antti Santeri} and Daniel Aalto and Tuomo Raitio and Paavo Alku and Martti Vainio},
  journal={ISCA Workshop on Speech Synthesis, Proceedings, Barcelona},
  year={2013}
}

@article{kim2019audiocaps,
  title={AudioCaps: Generating Captions for Audios in The Wild},
  author={Kim, Chris Dongjoo and Kim, Byeongchang and Lee, Hyunmin and Kim, Gunhee},
  journal={Annual Conference of the North American Chapter of the Association for Computational Linguistics : Human Language Technologies (NAACL-HLT)},
  year={2019}
}
@article{rombach2021highresolution,
      title={High-Resolution Image Synthesis with Latent Diffusion Models}, 
      author={Rombach, Robin and Blattmann, Andreas and Lorenz, Dominik and Esser, Patrick and Ommer, Björn},
      journal={arXiv preprint arXiv:2112.10752},
      year={2021}
}

@article{chung2022siflm,
  author = {Chung, Hyung Won and Hou, Le and Longpre, Shayne and Zoph, Barret and Tay, Yi and Fedus, William and Li, Eric and Wang, Xuezhi and Dehghani, Mostafa and Brahma, Siddhartha and Webson, Albert and Gu, Shixiang Shane and Dai, Zhuyun and Suzgun, Mirac and Chen, Xinyun and Chowdhery, Aakanksha and Narang, Sharan and Mishra, Gaurav and Yu, Adams and Zhao, Vincent and Huang, Yanping and Dai, Andrew and Yu, Hongkun and Petrov, Slav and Chi, Ed H. and Dean, Jeff and Devlin, Jacob and Roberts, Adam and Zhou, Denny and Le, Quoc V. and Wei, Jason},
  title = {Scaling Instruction-Finetuned Language Models},
  journal={arXiv preprint arXiv:2210.11416},
  year = {2022}
}
@article{kong2020hifigan,
    author = {Kong, Jungil and Kim, Jaehyeon and Bae, Jaekyoung},
    title = {HiFi-GAN: Generative Adversarial Networks for Efficient and High Fidelity Speech Synthesis},
    year = {2020},
    journal = {Conference and Workshop on Neural Information Processing Systems (NeurIPS)},
}

@article{chen2020igpt,
    title = {Generative Pretraining From Pixels},
    author = {Chen, Mark and Radford, Alec and Child, Rewon and Wu, Jeff and Jun, Heewoo and Luan, David and Sutskever, Ilya},
    journal = {International Conference on Machine Learning (ICML)},
    year = {2020}
}

@article{zeng2021pangula,
    title = {PanGu-$\alpha$: Large-scale Autoregressive Pretrained Chinese Language Models with Auto-parallel Computation},
    author = {Zeng, Wei and Ren, Xiaozhe and Su, Teng and Wang, Hui and Liao, Yi and Wang, Zhiwei and Jiang, Xin and Yang, ZhenZhang and Wang, Kaisheng and Zhang, Xiaoda and Li, Chen and Gong, Ziyan and Yao, Yifan and Huang, Xinjing and Wang, Jun and Yu, Jianfeng and Guo, Qi and Yu, Yue and Zhang, Yan and Wang, Jin and Tao, Hengtao and Yan, Dasen and Yi, Zexuan and Peng, Fang and Jiang, Fangqing and Zhang, Han and Deng, Lingfeng and Zhang, Yehong and Lin, Zhe and Zhang, Chao and Zhang, Shaojie and Guo, Mingyue and Gu, Shanzhi and Fan, Gaojun and Wang, Yaowei and Jin, Xuefeng and Liu, Qun and Tian, Yonghong},
    journal = {arXiv preprint arXiv:2104.12369},
    year = {2021}
}

@article{schick2023peer,
    title={{PEER}: A Collaborative Language Model},
    author={Schick, Timo and Yu, Jane A. and Jiang, Zhengbao and Petroni, Fabio and Lewis, Patrick and Izacard, Gautier and You, Qingfei and Nalmpantis, Christoforos and Grave, Edouard and Riedel, Sebastian},
    journal={International Conference on Learning Representations (ICLR)},
    year={2023}
}

@article{li2021collagingcg,
  title={Collaging Class-specific GANs for Semantic Image Synthesis},
  author={Li, Yuheng and Li, Yijun and Lu, Jingwan and Shechtman, Eli and Lee, Yong Jae and Singh, Krishna Kumar},
  journal={International Conference on Computer Vision (ICCV)},
  year={2021},
}

@article{park2019sematicimagesynthesis,
  title={Semantic Image Synthesis With Spatially-Adaptive Normalization},
  author={Park, Taesung and Liu, Ming-Yu and Wang, Ting-Chun and Zhu, Jun-Yan},
  journal={Conference on Computer Vision and Pattern Recognition (CVPR)},
  year={2019},
}

@article{radford2021learning,
      title={Learning Transferable Visual Models From Natural Language Supervision}, 
      author={Radford, Alec and Kim, Jong Wook and Hallacy, Chris and Ramesh, Aditya and Goh, Gabriel and Agarwal, Sandhini and Sastry, Girish and Askell, Amanda and Mishkin, Pamela and Clark, Jack and Krueger, Gretchen and Sutskever, Ilya},
      year={2021},
      journal = {arXiv preprint arXiv:2103.00020},
}
@article{chen2021pix2seq,
  title={Pix2seq: A language modeling framework for object detection},
  author={Chen, Ting and Saxena, Saurabh and Li, Lala and Fleet, David J and Hinton, Geoffrey},
  journal={International Conference on Learning Representations (ICLR)},
  year={2021}
}

@article{salamon2017scaper,
    title={Scaper: A library for soundscape synthesis and augmentation},
    author={Salamon, Justin and MacConnell, Duncan and Cartwright, Mark and Li, Peter and {Juan Pablo}, Bello},
    year={2017},
    journal={Workshop on Applications of Signal Processing to Audio and Acoustics (WASPAA)},
}

@article{salamon2014urbansed,
    author = {Salamon, Justin and Jacoby, Christopher and Bello, Juan Pablo},
    title = {A Dataset and Taxonomy for Urban Sound Research},
    year = {2014},
    journal = {ACM International Conference on Multimedia (ACMMM)},
}

@article{lin2021exploitingac,
  title={Exploiting Audio-Visual Consistency with Partial Supervision for Spatial Audio Generation},
  author={Lin, Yan-Bo and Wang, Yu-Chiang Frank},
  journal={AAAI Conference on Artificial Intelligence (AAAI)},
  year={2021}
}

@article{ruan2023accommodatingam,
  title={Accommodating Audio Modality in CLIP for Multimodal Processing},
  author={Ruan, Ludan and Hu, Anwen and Song, Yuqing and Zhang, Liang and Zheng, S. and Jin, Qin},
  journal={AAAI Conference on Artificial Intelligence (AAAI)},
  year={2023},
}

@article{liu2021diffsinger,
  title={Diffsinger: Singing voice synthesis via shallow diffusion mechanism},
  author={Liu, Jinglin and Li, Chengxi and Ren, Yi and Chen, Feiyang and Liu, Peng and Zhao, Zhou},
  journal={AAAI Conference on Artificial Intelligence (AAAI)},
  year={2021}
}

@article{loshchilov2017decoupledwd,
  title={Decoupled Weight Decay Regularization},
  author={Loshchilov, Ilya and Hutter, Frank},
  journal={International Conference on Learning Representations (ICLR)},
  year={2019},
}

@article{he2023latentkeypointgan,
    title={LatentKeypointGAN: Controlling GANs via Latent Keypoints},
    author={He, Xingzhe and Wandt, Bastian and Rhodin, Helge},
    journal={Conference on Computer and Robot Vision (CRV)},
    year={2023}
}

@article{nichol2022glide,
  title={{GLIDE}: Towards Photorealistic Image Generation and Editing with Text-Guided Diffusion Models},
  author={Nichol, Alexander Quinn and Dhariwal, Prafulla and Ramesh, Aditya and Shyam, Pranav and Mishkin, Pamela and Mcgrew, Bob and Sutskever, Ilya and Chen, Mark},
  year={2022},
  journal={Proceedings of Machine Learning Research (PMLR)},
}

@article{chen2020wavegrad,
    title={WaveGrad: Estimating Gradients for Waveform Generation}, 
    author={Chen, Nanxin and Zhang, Yu and Zen, Heiga and Weiss, Ron J. and Norouzi, Mohammad and Chan, William},
    year={2021},
    journal={International Conference on Learning Representations (ICLR)},
}

@article{kong2021diffwave,
    title={DiffWave: A Versatile Diffusion Model for Audio Synthesis}, 
    author={Kong, Zhifeng and Ping, Wei and Huang, Jiaji and Zhao, Kexin and Catanzaro, Bryan},
    year={2021},
    journal={International Conference on Learning Representations (ICLR)},
}

@article{singer2022makeavideo,
      title={Make-A-Video: Text-to-Video Generation without Text-Video Data}, 
      author={Singer, Uriel and Polyak, Adam and Hayes, Thomas and Yin, Xi and An, Jie and Zhang, Songyang and Hu, Qiyuan and Yang, Harry and Ashual, Oron and Gafni, Oran and Parikh, Devi and Gupta, Sonal and Taigman, Yaniv},
      journal={arXiv preprint arXiv:2209.14792},
      year={2022}
}

@article{fullband2023pascual,
  author={Pascual, Santiago and Bhattacharya, Gautam and Yeh, Chunghsin and Pons, Jordi and Serrà, Joan},
  journal={International Conference on Acoustics, Speech and Signal Processing (ICASSP)},
  title={Full-Band General Audio Synthesis with Score-Based Diffusion}, 
  year={2023}
}

@article{csg2021liu,
  author={Liu, Xubo and Iqbal, Turab and Zhao, Jinzheng and Huang, Qiushi and Plumbley, Mark D. and Wang, Wenwu},
  booktitle={Machine Learning for Signal Processing (MLSP)}, 
  title={Conditional Sound Generation Using Neural Discrete Time-Frequency Representation Learning}, 
  year={2021}
}

@article{world2016morise,
  title={WORLD: A Vocoder-Based High-Quality Speech Synthesis System for Real-Time Applications},
  author={Morise, Masanori and Yokomori, Fumiya and Ozawa, Kenji},
  journal={IEICE Transactions on Information and Systems},
  year={2016}
}

@article{librosa2015masanori,
  title={WORLD: A Vocoder-Based High-Quality Speech Synthesis System for Real-Time Applications},
  author={McFee and Brian and Raffel, Colin and Liang, Dawen and  Ellis, Daniel PW and McVicar, Matt and Battenberg, Eric and Nieto, Oriol },
  journal={python in science conference},
  year={2015}
}