

@misc{amir,
  author  = "Bialer, Amir and Izmaylov, Daniel and Segal, Avi and Tsur, Oren and Levi-Belz, Yossi and Gal, Kobi",
  year    = 2022,
  title   = "{Detecting Suicide Risk in Online Counseling Services: A Study in a Low-Resource Language}",
  booktitle = "The 29th International Conference on Computational Linguistics",
howpublished="The 29th International Conference on Computational Linguistics (COLING-22) \url{http://shorturl.at/crXY2}"
}

@article{pramanik2020towards,
  title={Towards a multi-modal, multi-task learning based pre-training framework for document representation learning},
  author={Pramanik, Subhojeet and Mujumdar, Shashank and Patel, Hima},
  journal={arXiv preprint arXiv:2009.14457},
  year={2020}
}

@article{peng2020empirical,
  title={An empirical study of multi-task learning on BERT for biomedical text mining},
  author={Peng, Yifan and Chen, Qingyu and Lu, Zhiyong},
  journal={arXiv preprint arXiv:2005.02799},
  year={2020}
}

@article{zhang2019dialogpt,
  title={Dialogpt: Large-scale generative pre-training for conversational response generation},
  author={Zhang, Yizhe and Sun, Siqi and Galley, Michel and Chen, Yen-Chun and Brockett, Chris and Gao, Xiang and Gao, Jianfeng and Liu, Jingjing and Dolan, Bill},
  journal={arXiv preprint arXiv:1911.00536},
  year={2019}
}


@article{peng2022godel,
  title={GODEL: Large-Scale Pre-Training for Goal-Directed Dialog},
  author={Peng, Baolin and Galley, Michel and He, Pengcheng and Brockett, Chris and Liden, Lars and Nouri, Elnaz and Yu, Zhou and Dolan, Bill and Gao, Jianfeng},
  journal={arXiv preprint arXiv:2206.11309},
  year={2022}
}



@article{abdullaConceptsHiddenMarkov,
  title = {The {{Concepts}} of {{Hidden Markov Model}} in {{Speech Recognition}}},
  author = {Abdulla, Waleed H},
  pages = {43},
  langid = {english}
}

@article{althoffLargescaleAnalysisCounseling2016,
  title = {Large-Scale {{Analysis}} of {{Counseling Conversations}}: {{An Application}} of {{Natural Language Processing}} to {{Mental Health}}},
  shorttitle = {Large-Scale {{Analysis}} of {{Counseling Conversations}}},
  author = {Althoff, Tim and Clark, Kevin and Leskovec, Jure},
  date = {2016-08-01},
  journaltitle = {Transactions of the Association for Computational Linguistics},
  shortjournal = {Transactions of the Association for Computational Linguistics},
  volume = {4},
  pages = {463--476},
  issn = {2307-387X},
  doi = {10.1162/tacl_a_00111},
  url = {https://doi.org/10.1162/tacl_a_00111},
  urldate = {2021-08-18}
}

@article{bantilanJustTimeCrisis2021,
  title = {Just in Time Crisis Response: Suicide Alert System for Telemedicine Psychotherapy Settings},
  shorttitle = {Just in Time Crisis Response},
  author = {Bantilan, Niels and Malgaroli, Matteo and Ray, Bonnie and Hull, Thomas D.},
  date = {2021-03},
  journaltitle = {Psychotherapy Research: Journal of the Society for Psychotherapy Research},
  shortjournal = {Psychother Res},
  volume = {31},
  number = {3},
  year={2021},
  eprint = {32558625},
  eprinttype = {pmid},
  pages = {302--312},
  issn = {1468-4381},
  doi = {10.1080/10503307.2020.1781952},
  langid = {english},
  keywords = {digital health,Humans,machine learning,Machine Learning,natural language processing,Natural Language Processing,Psychotherapy,suicide,Suicide,telemedicine,Telemedicine}
}

@unpublished{caoLatentSuicideRisk2019,
  title = {Latent {{Suicide Risk Detection}} on {{Microblog}} via {{Suicide-Oriented Word Embeddings}} and {{Layered Attention}}},
  author = {Cao, Lei and Zhang, Huijun and Feng, Ling and Wei, Zihan and Wang, Xin and Li, Ningyun and He, Xiaohao},
  date = {2019-10-26},
  year={2019},
  eprint = {1910.12038},
  eprinttype = {arxiv},
  primaryclass = {cs},
  url = {http://arxiv.org/abs/1910.12038},
  urldate = {2021-11-15},
  archiveprefix = {arXiv},
  keywords = {Computer Science - Computation and Language}
}

@article{castillo-sanchezSuicideRiskAssessment2020,
  title = {Suicide {{Risk Assessment Using Machine Learning}} and {{Social Networks}}: A {{Scoping Review}}},
  shorttitle = {Suicide {{Risk Assessment Using Machine Learning}} and {{Social Networks}}},
  author = {Castillo-Sánchez, Gema and Marques, Gonçalo and Dorronzoro, Enrique and Rivera-Romero, Octavio and Franco-Martín, Manuel and De la Torre-Díez, Isabel},
  date = {2020-11-09},
  journaltitle = {Journal of Medical Systems},
  shortjournal = {J Med Syst},
  volume = {44},
  number = {12},
  pages = {205},
  issn = {1573-689X},
  doi = {10.1007/s10916-020-01669-5},
  url = {https://doi.org/10.1007/s10916-020-01669-5},
  urldate = {2021-11-15},
  langid = {english}
}

@article{childsEmbeddingDomainKnowledge2019,
  title = {Embedding Domain Knowledge for Machine Learning of Complex Material Systems},
  author = {Childs, Christopher M. and Washburn, Newell R.},
  date = {2019-09},
  year= {2019},
  journaltitle = {MRS Communications},
  shortjournal = {MRS Communications},
  volume = {9},
  number = {3},
  pages = {806--820},
  issn = {2159-6859, 2159-6867},
  doi = {10.1557/mrc.2019.90},
  url = {http://link.springer.com/10.1557/mrc.2019.90},
  urldate = {2021-12-14},
  langid = {english}
}

@article{choudhuryPredictingDepressionSocial2013,
  title = {Predicting {{Depression}} via {{Social Media}}},
  author = {Choudhury, Munmun De and Gamon, Michael and Counts, Scott and Horvitz, Eric},
  date = {2013-07-01},
  url = {https://www.microsoft.com/en-us/research/publication/predicting-depression-via-social-media/},
  urldate = {2021-11-27},
  langid = {american}
}

@unpublished{chriquiHeBERTHebEMOHebrew2021,
  title = {{{HeBERT}} \& {{HebEMO}}: A {{Hebrew BERT Model}} and a {{Tool}} for {{Polarity Analysis}} and {{Emotion Recognition}}},
  shorttitle = {{{HeBERT}} \& {{HebEMO}}},
  author = {Chriqui, Avihay and Yahav, Inbal},
  date = {2021-02-25},
  year= {2021},
  eprint = {2102.01909},
  eprinttype = {arxiv},
  primaryclass = {cs},
  url = {http://arxiv.org/abs/2102.01909},
  urldate = {2021-11-27},
  archiveprefix = {arXiv},
  keywords = {Computer Science - Computation and Language}
}

@unpublished{colon-hernandezCombiningPretrainedLanguage2021,
  title = {Combining Pre-Trained Language Models and Structured Knowledge},
  author = {Colon-Hernandez, Pedro and Havasi, Catherine and Alonso, Jason and Huggins, Matthew and Breazeal, Cynthia},
  date = {2021-02-05},
  year= {2021},
  eprint = {2101.12294},
  eprinttype = {arxiv},
  primaryclass = {cs},
  url = {http://arxiv.org/abs/2101.12294},
  urldate = {2021-12-05},
  archiveprefix = {arXiv},
  keywords = {Computer Science - Computation and Language}
}

@article{desmetOnlineSuicidePrevention2018,
  title = {Online Suicide Prevention through Optimised Text Classification},
  author = {Desmet, Bart and Hoste, Véronique},
  date = {2018-05},
  journaltitle = {Information Sciences},
  shortjournal = {Information Sciences},
  volume = {439--440},
  pages = {61--78},
  issn = {00200255},
  doi = {10.1016/j.ins.2018.02.014},
  url = {https://linkinghub.elsevier.com/retrieve/pii/S002002551830094X},
  urldate = {2021-12-15},
  langid = {english}
}

@inproceedings{desmetOnlineSuicideRisk2015,
  title = {Online Suicide Risk Detection Using Automatic Text Classification},
  booktitle = {International {{Summit}} on {{Suicide Research}}},
  author = {Desmet, Bart and Pauwels, Kirsten and Hoste, Veronique},
  date = {2015},
  url = {http://hdl.handle.net/1854/LU-7198984},
  urldate = {2021-11-15},
  eventtitle = {International {{Summit}} on {{Suicide Research}}},
  langid = {english}
}

@inproceedings{dinakarMixedInitiativeRealTimeTopic2015,
  title = {Mixed-{{Initiative Real-Time Topic Modeling}} \&amp; {{Visualization}} for {{Crisis Counseling}}},
  booktitle = {Proceedings of the 20th {{International Conference}} on {{Intelligent User Interfaces}}},
  author = {Dinakar, Karthik and Chen, Jackie and Lieberman, Henry and Picard, Rosalind and Filbin, Robert},
  date = {2015-03-18},
  series = {{{IUI}} '15},
  pages = {417--426},
  publisher = {{Association for Computing Machinery}},
  location = {{New York, NY, USA}},
  doi = {10.1145/2678025.2701395},
  url = {https://doi.org/10.1145/2678025.2701395},
  urldate = {2021-11-15},
  isbn = {978-1-4503-3306-1},
  keywords = {mental health counseling,natural language interfaces,topic modeling,visualizations}
}

@online{FacingImbalancedData,
  title = {Facing {{Imbalanced Data--Recommendations}} for the {{Use}} of {{Performance Metrics}} | {{IEEE Conference Publication}} | {{IEEE Xplore}}},
  url = {https://ieeexplore-ieee-org.ezproxy.bgu.ac.il/document/6681438?arnumber=6681438&tag=1},
  urldate = {2022-06-24}
}

@article{franklinRiskFactorsSuicidal2017,
  title = {Risk Factors for Suicidal Thoughts and Behaviors: {{A}} Meta-Analysis of 50 Years of Research.},
  shorttitle = {Risk Factors for Suicidal Thoughts and Behaviors},
  author = {Franklin, Joseph C. and Ribeiro, Jessica D. and Fox, Kathryn R. and Bentley, Kate H. and Kleiman, Evan M. and Huang, Xieyining and Musacchio, Katherine M. and Jaroszewski, Adam C. and Chang, Bernard P. and Nock, Matthew K.},
  date = {2017},
  journaltitle = {Psychological Bulletin},
  shortjournal = {Psychological Bulletin},
  volume = {143},
  number = {2},
  pages = {187--232},
  issn = {1939-1455, 0033-2909},
  doi = {10.1037/bul0000084},
  url = {http://doi.apa.org/getdoi.cfm?doi=10.1037/bul0000084},
  urldate = {2021-11-19},
  langid = {english}
}
@inproceedings{chen2016xgboost,
  title={Xgboost: A scalable tree boosting system},
  author={Chen, Tianqi and Guestrin, Carlos},
  booktitle={Proceedings of the 22nd acm sigkdd international conference on knowledge discovery and data mining},
  pages={785--794},
  year={2016}
}


@article{bernert2020artificial,
  title={Artificial intelligence and suicide prevention: a systematic review of machine learning investigations},
  author={Bernert, Rebecca A and Hilberg, Amanda M and Melia, Ruth and Kim, Jane Paik and Shah, Nigam H and Abnousi, Freddy},
  journal={International journal of environmental research and public health},
  volume={17},
  number={16},
  pages={5929},
  year={2020},
  publisher={MDPI}
}

@article{sun2019fine,
  title={How to fine-tune bert for text classification?},
  author={Sun, Chi and Qiu, Xipeng and Xu, Yige and Huang, Xuanjing},
  booktitle={China national conference on Chinese computational linguistics},
  pages={194--206},
  year={2019},
  organization={Springer}
}

@article{lee2020cross,
  title={Cross-lingual suicidal-oriented word embedding toward suicide prevention},
  author={Lee, Daeun and Park, Soyoung and Kang, Jiwon and Choi, Daejin and Han, Jinyoung},
  booktitle={Findings of the Association for Computational Linguistics: EMNLP 2020},
  pages={2208--2217},
  year={2020}
}



@article{doc2vec,
  title = 	 {Distributed Representations of Sentences and Documents},
  author = 	 {Le, Quoc and Mikolov, Tomas},
  booktitle = 	 {Proceedings of the 31st International Conference on Machine Learning},
  pages = 	 {1188--1196},
  year = 	 {2014},
  editor = 	 {Xing, Eric P. and Jebara, Tony},
  volume = 	 {32},
  number =       {2},
  series = 	 {Proceedings of Machine Learning Research},
  address = 	 {Bejing, China},
  month = 	 {22--24 Jun},
  publisher =    {PMLR},
  pdf = 	 {http://proceedings.mlr.press/v32/le14.pdf},
  url = 	 {https://proceedings.mlr.press/v32/le14.html},
}
}


@article{frasconiHiddenMarkovModels2002,
  title = {Hidden {{Markov Models}} for {{Text Categorization}} in {{Multi-Page Documents}}},
  author = {Frasconi, Paolo and Soda, Giovanni and Vullo, Alessandro},
  date = {2002-10-15},
  journaltitle = {Journal of Intelligent Information Systems},
  shortjournal = {Journal of Intelligent Information Systems},
  volume = {18},
  doi = {10.1023/A:1013681528748}
}

@article{devlin2018bert,
  title={Bert: Pre-training of deep bidirectional transformers for language understanding},
  author={Devlin, Jacob and Chang, Ming-Wei and Lee, Kenton and Toutanova, Kristina},
  journal={arXiv preprint arXiv:1810.04805},
  year={2018}
}

@inproceedings{gaurKnowledgeawareAssessmentSeverity2019,
  title = {Knowledge-Aware {{Assessment}} of {{Severity}} of {{Suicide Risk}} for {{Early Intervention}}},
  booktitle = {The {{World Wide Web Conference}} on   - {{WWW}} '19},
  author = {Gaur, Manas and Alambo, Amanuel and Sain, Joy Prakash and Kursuncu, Ugur and Thirunarayan, Krishnaprasad and Kavuluru, Ramakanth and Sheth, Amit and Welton, Randy and Pathak, Jyotishman},
  year = {2019},
  pages = {514--525},
  publisher = {{ACM Press}},
  location = {{San Francisco, CA, USA}},
  doi = {10.1145/3308558.3313698},
  url = {http://dl.acm.org/citation.cfm?doid=3308558.3313698},
  urldate = {2021-12-05},
  eventtitle = {The {{World Wide Web Conference}}},
  isbn = {978-1-4503-6674-8},
  langid = {english}
}

@inproceedings{gaurKnowledgeawareAssessmentSeverity2019a,
  title = {Knowledge-Aware {{Assessment}} of {{Severity}} of {{Suicide Risk}} for {{Early Intervention}}},
  booktitle = {The {{World Wide Web Conference}}},
  author = {Gaur, Manas and Alambo, Amanuel and Sain, Joy Prakash and Kursuncu, Ugur and Thirunarayan, Krishnaprasad and Kavuluru, Ramakanth and Sheth, Amit and Welton, Randy and Pathak, Jyotishman},
  date = {2019-05-13},
  series = {{{WWW}} '19},
  pages = {514--525},
  publisher = {{Association for Computing Machinery}},
  location = {{New York, NY, USA}},
  doi = {10.1145/3308558.3313698},
  url = {https://doi.org/10.1145/3308558.3313698},
  urldate = {2021-12-05},
  isbn = {978-1-4503-6674-8},
  keywords = {C-SSRS,Medical Knowledge Bases,Mental Health,Perceived Risk Measure,Reddit,Semantic Social Computing,Suicide Risk Assessment,Surveillance and Behavior Monitoring}
}

@article{gehrmannVisualInteractionDeep2020,
  title = {Visual {{Interaction}} with {{Deep Learning Models}} through {{Collaborative Semantic Inference}}},
  author = {Gehrmann, Sebastian and Strobelt, Hendrik and Krüger, Robert and Pfister, Hanspeter and Rush, Alexander M.},
  date = {2020-01},
  journaltitle = {IEEE Transactions on Visualization and Computer Graphics},
  volume = {26},
  number = {1},
  pages = {884--894},
  issn = {1941-0506},
  doi = {10.1109/TVCG.2019.2934595},
  keywords = {Analytical models,Cognition,Collaboration,Deep Learning,Human-Centered Design,Human-Computer Collaboration,Interaction Design,Neural Networks,Predictive models,Semantics,Tools,Visualization}
}

@online{georgianHowIncorporateTabular2021,
  title = {How to {{Incorporate Tabular Data}} with {{HuggingFace Transformers}}},
  author = {{Georgian}},
  date = {2021-02-26T22:42:05},
  url = {https://medium.com/georgian-impact-blog/how-to-incorporate-tabular-data-with-huggingface-transformers-b70ac45fcfb4},
  urldate = {2022-06-01},
  langid = {english},
  organization = {{Georgian Impact Blog}}
}

@article{GlobalRegionalNational2015,
  title = {Global, Regional, and National Age–Sex Specific All-Cause and Cause-Specific Mortality for 240 Causes of Death, 1990–2013: A Systematic Analysis for the {{Global Burden}} of {{Disease Study}} 2013},
  shorttitle = {Global, Regional, and National Age–Sex Specific All-Cause and Cause-Specific Mortality for 240 Causes of Death, 1990–2013},
  date = {2015-01-10},
  journaltitle = {The Lancet},
  shortjournal = {The Lancet},
  volume = {385},
  number = {9963},
  eprint = {25530442},
  eprinttype = {pmid},
  pages = {117--171},
  publisher = {{Elsevier}},
  issn = {0140-6736, 1474-547X},
  doi = {10.1016/S0140-6736(14)61682-2},
  url = {https://www.thelancet.com/journals/lancet/article/PIIS0140-6736(14)61682-2/fulltext},
  urldate = {2021-11-19},
  langid = {english}
}

@article{gouldNationalSuicidePrevention,
  title = {National {{Suicide Prevention Lifeline}} Crisis Chat Interventions: {{Evaluation}} of Chatters’ Perceptions of Effectiveness},
  shorttitle = {National {{Suicide Prevention Lifeline}} Crisis Chat Interventions},
  author = {Gould, Madelyn S. and Chowdhury, Saba and Lake, Alison M. and Galfalvy, Hanga and Kleinman, Marjorie and Kuchuk, Michelle and McKeon, Richard},
  journaltitle = {Suicide and Life-Threatening Behavior},
  volume = {n/a},
  number = {n/a},
  issn = {1943-278X},
  doi = {10.1111/sltb.12795},
  url = {https://onlinelibrary.wiley.com/doi/abs/10.1111/sltb.12795},
  urldate = {2021-11-15},
  langid = {english},
  keywords = {crisis chat,effectiveness,lifeline,suicide},
  annotation = {\_eprint: https://onlinelibrary.wiley.com/doi/pdf/10.1111/sltb.12795}
}



@article{guntukuDetectingDepressionMental2017,
  title = {Detecting Depression and Mental Illness on Social Media: An Integrative Review},
  shorttitle = {Detecting Depression and Mental Illness on Social Media},
  author = {Guntuku, Sharath Chandra and Yaden, David B and Kern, Margaret L and Ungar, Lyle H and Eichstaedt, Johannes C},
  date = {2017-12},
  journaltitle = {Current Opinion in Behavioral Sciences},
  shortjournal = {Current Opinion in Behavioral Sciences},
  volume = {18},
  pages = {43--49},
  issn = {23521546},
  doi = {10.1016/j.cobeha.2017.07.005},
  url = {https://linkinghub.elsevier.com/retrieve/pii/S2352154617300384},
  urldate = {2021-11-27},
  langid = {english}
}

@article{halliganDisadvantagesUsingArea2015,
  title = {Disadvantages of Using the Area under the Receiver Operating Characteristic Curve to Assess Imaging Tests: {{A}} Discussion and Proposal for an Alternative Approach},
  shorttitle = {Disadvantages of Using the Area under the Receiver Operating Characteristic Curve to Assess Imaging Tests},
  author = {Halligan, Steve and Altman, Douglas G. and Mallett, Susan},
  date = {2015},
  journaltitle = {European Radiology},
  shortjournal = {Eur Radiol},
  volume = {25},
  number = {4},
  eprint = {25599932},
  eprinttype = {pmid},
  pages = {932--939},
  issn = {0938-7994},
  doi = {10.1007/s00330-014-3487-0},
  url = {https://www.ncbi.nlm.nih.gov/pmc/articles/PMC4356897/},
  urldate = {2022-08-04},
  pmcid = {PMC4356897}
}

@unpublished{hendersonConveRTEfficientAccurate2020,
  title = {{{ConveRT}}: {{Efficient}} and {{Accurate Conversational Representations}} from {{Transformers}}},
  shorttitle = {{{ConveRT}}},
  author = {Henderson, Matthew and Casanueva, Iñigo and Mrkšić, Nikola and Su, Pei-Hao and Wen, Tsung-Hsien and Vulić, Ivan},
  date = {2020-04-29},
  eprint = {1911.03688},
  eprinttype = {arxiv},
  primaryclass = {cs},
  url = {http://arxiv.org/abs/1911.03688},
  urldate = {2021-11-20},
  archiveprefix = {arXiv},
  keywords = {Computer Science - Computation and Language}
}

@inproceedings{hoernleInterpretableModelsUnderstanding2020,
  title = {Interpretable {{Models}} for {{Understanding Immersive Simulations}}},
  booktitle = {Proceedings of the {{Twenty-Ninth International Joint Conference}} on {{Artificial Intelligence}}},
  author = {Hoernle, Nicholas and Gal, Kobi and Grosz, Barbara and Lyons, Leilah and Ren, Ada and Rubin, Andee},
  date = {2020-07},
  pages = {2319--2325},
  publisher = {{International Joint Conferences on Artificial Intelligence Organization}},
  location = {{Yokohama, Japan}},
  doi = {10.24963/ijcai.2020/321},
  url = {https://www.ijcai.org/proceedings/2020/321},
  urldate = {2021-08-17},
  eventtitle = {Twenty-{{Ninth International Joint Conference}} on {{Artificial Intelligence}} and {{Seventeenth Pacific Rim International Conference}} on {{Artificial Intelligence}} \{\vphantom\}{{IJCAI-PRICAI-20}}\vphantom\{\}},
  isbn = {978-0-9992411-6-5},
  langid = {english}
}

@article{jiSuicidalIdeationDetection2021,
  title = {Suicidal {{Ideation Detection}}: {{A Review}} of {{Machine Learning Methods}} and {{Applications}}},
  shorttitle = {Suicidal {{Ideation Detection}}},
  author = {Ji, Shaoxiong and Pan, Shirui and Li, Xue and Cambria, Erik and Long, Guodong and Huang, Zi},
  date = {2021-02},
  journaltitle = {IEEE Transactions on Computational Social Systems},
  volume = {8},
  number = {1},
  year= {2021},
  pages = {214--226},
  issn = {2329-924X},
  doi = {10.1109/TCSS.2020.3021467},
  eventtitle = {{{IEEE Transactions}} on {{Computational Social Systems}}},
  keywords = {Deep learning,feature engineering,Feature extraction,Machine learning,Psychology,social content,suicidal ideation detection (SID),Task analysis,Twitter}
}

@article{gllick,
  title={Some statistical issues in the comparison of speech recognition algorithms},
  author={Gillick, Laurence and Cox, Stephen J},
  booktitle={International Conference on Acoustics, Speech, and Signal Processing,},
  pages={532--535},
  year={1989},
  organization={IEEE}
}


@article{beck,
  title={Beck depression inventory--II},
  author={Beck, Aaron T and Steer, Robert A and Brown, Gregory},
  journal={Psychological assessment},
  year={1996}
}



@article{joinerWhetherCalledAcute2018,
  title = {Whether {{Called Acute Suicidal Affective Disturbance}} or {{Suicide Crisis Syndrome}}, a {{Suicide-specific Diagnosis Would Enhance Clinical Care}}, {{Increase Patient Safety}}, and {{Mitigate Clinician Liability}}},
  author = {Joiner, Thomas E. and Simpson, Skip and Rogers, Megan L. and Stanley, Ian H. and Galynker, Igor I.},
  date = {2018-07},
  journaltitle = {Journal of Psychiatric Practice},
  shortjournal = {J Psychiatr Pract},
  volume = {24},
  number = {4},
  eprint = {30427811},
  eprinttype = {pmid},
  pages = {274--278},
  issn = {1538-1145},
  doi = {10.1097/PRA.0000000000000315},
  langid = {english},
  keywords = {Adult,Diagnostic and Statistical Manual of Mental Disorders,Humans,Mental Disorders,Risk Assessment,Suicide}
}

@inproceedings{koufakouHurtBERTIncorporatingLexical2020,
  title = {{{HurtBERT}}: {{Incorporating Lexical Features}} with {{BERT}} for the {{Detection}} of {{Abusive Language}}},
  shorttitle = {{{HurtBERT}}},
  booktitle = {Proceedings of the {{Fourth Workshop}} on {{Online Abuse}} and {{Harms}}},
  author = {Koufakou, Anna and Pamungkas, Endang Wahyu and Basile, Valerio and Patti, Viviana},
  date = {2020-11},
  pages = {34--43},
  publisher = {{Association for Computational Linguistics}},
  location = {{Online}},
  doi = {10.18653/v1/2020.alw-1.5},
  url = {https://aclanthology.org/2020.alw-1.5},
  urldate = {2022-06-28},
  eventtitle = {{{ALW-EMNLP}} 2020}
}

@inproceedings{koufakouHurtBERTIncorporatingLexical2020a,
  title = {{{HurtBERT}}: {{Incorporating Lexical Features}} with {{BERT}} for the {{Detection}} of {{Abusive Language}}},
  shorttitle = {{{HurtBERT}}},
  booktitle = {Proceedings of the {{Fourth Workshop}} on {{Online Abuse}} and {{Harms}}},
  author = {Koufakou, Anna and Pamungkas, Endang Wahyu and Basile, Valerio and Patti, Viviana},
  date = {2020},
  pages = {34--43},
  publisher = {{Association for Computational Linguistics}},
  location = {{Online}},
  doi = {10.18653/v1/2020.alw-1.5},
  url = {https://www.aclweb.org/anthology/2020.alw-1.5},
  urldate = {2022-05-23},
  eventtitle = {Proceedings of the {{Fourth Workshop}} on {{Online Abuse}} and {{Harms}}},
  langid = {english}
}

@unpublished{laiSimpleEffectiveBERT2020,
  title = {A {{Simple}} but {{Effective BERT Model}} for {{Dialog State Tracking}} on {{Resource-Limited Systems}}},
  author = {Lai, Tuan Manh and Tran, Quan Hung and Bui, Trung and Kihara, Daisuke},
  date = {2020-02-08},
  eprint = {1910.12995},
  eprinttype = {arxiv},
  primaryclass = {cs},
  url = {http://arxiv.org/abs/1910.12995},
  urldate = {2022-02-05},
  archiveprefix = {arXiv},
  keywords = {Computer Science - Computation and Language,Computer Science - Machine Learning}
}

@unpublished{lauscherSpecializingUnsupervisedPretraining2020,
  title = {Specializing {{Unsupervised Pretraining Models}} for {{Word-Level Semantic Similarity}}},
  author = {Lauscher, Anne and Vulić, Ivan and Ponti, Edoardo Maria and Korhonen, Anna and Glavaš, Goran},
  date = {2020-04-20},
  eprint = {1909.02339},
  eprinttype = {arxiv},
  primaryclass = {cs},
  url = {http://arxiv.org/abs/1909.02339},
  urldate = {2022-03-30},
  archiveprefix = {arXiv},
  keywords = {Computer Science - Computation and Language}
}

@article{levi-belzEditorialPsychologySuicide2019,
  title = {Editorial: {{The Psychology}} of {{Suicide}}: {{From Research Understandings}} to {{Intervention}} and {{Treatment}}},
  shorttitle = {Editorial},
  author = {Levi-Belz, Yossi and Gvion, Yari and Apter, Alan},
  date = {2019},
  journaltitle = {Frontiers in Psychiatry},
  volume = {10},
  pages = {214},
  issn = {1664-0640},
  doi = {10.3389/fpsyt.2019.00214},
  url = {https://www.frontiersin.org/article/10.3389/fpsyt.2019.00214},
  urldate = {2021-11-19}
}

@article{liuLexiconEnhancedChinese,
  title = {Lexicon {{Enhanced Chinese Sequence Labelling Using BERT Adapter}}},
  author = {Liu, Wei and Fu, Xiyan and Zhang, Yue and Xiao, Wenming},
  pages = {12},
  langid = {english}
}

@article{liuLexiconEnhancedChinesea,
  title = {Lexicon {{Enhanced Chinese Sequence Labelling Using BERT Adapter}}},
  author = {Liu, Wei and Fu, Xiyan and Zhang, Yue and Xiao, Wenming},
  pages = {12},
  langid = {english}
}

@unpublished{luSentencelevelHierarchicalBERT2021,
  title = {A {{Sentence-level Hierarchical BERT Model}} for {{Document Classification}} with {{Limited Labelled Data}}},
  author = {Lu, Jinghui and Henchion, Maeve and Bacher, Ivan and Mac Namee, Brian},
  date = {2021-06-12},
  eprint = {2106.06738},
  eprinttype = {arxiv},
  primaryclass = {cs},
  url = {http://arxiv.org/abs/2106.06738},
  urldate = {2022-03-02},
  archiveprefix = {arXiv},
  keywords = {Computer Science - Computation and Language}
}

@unpublished{luViLBERTPretrainingTaskAgnostic2019,
  title = {{{ViLBERT}}: {{Pretraining Task-Agnostic Visiolinguistic Representations}} for {{Vision-and-Language Tasks}}},
  shorttitle = {{{ViLBERT}}},
  author = {Lu, Jiasen and Batra, Dhruv and Parikh, Devi and Lee, Stefan},
  date = {2019-08-06},
  number = {arXiv:1908.02265},
  eprint = {1908.02265},
  eprinttype = {arxiv},
  primaryclass = {cs},
  publisher = {{arXiv}},
  url = {http://arxiv.org/abs/1908.02265},
  urldate = {2022-06-01},
  archiveprefix = {arXiv},
  keywords = {Computer Science - Computation and Language,Computer Science - Computer Vision and Pattern Recognition}
}

@unpublished{madanUnsupervisedLearningInterpretable2018,
  title = {Unsupervised {{Learning}} of {{Interpretable Dialog Models}}},
  author = {Madan, Dhiraj and Raghu, Dinesh and Pandey, Gaurav and Joshi, Sachindra},
  date = {2018-11-02},
  eprint = {1811.01012},
  eprinttype = {arxiv},
  primaryclass = {cs},
  url = {http://arxiv.org/abs/1811.01012},
  urldate = {2021-12-05},
  archiveprefix = {arXiv},
  keywords = {Computer Science - Artificial Intelligence,Computer Science - Computation and Language}
}

@article{mokkenstormEvaluation113OnlineSuicide2017,
  title = {Evaluation of the {{113Online Suicide Prevention Crisis Chat Service}}: {{Outcomes}}, {{Helper Behaviors}} and {{Comparison}} to {{Telephone Hotlines}}},
  shorttitle = {Evaluation of the {{113Online Suicide Prevention Crisis Chat Service}}},
  author = {Mokkenstorm, Jan K. and Eikelenboom, Merijn and Huisman, Annemiek and Wiebenga, Jasper and Gilissen, Renske and Kerkhof, Ad J. F. M. and Smit, Johannes H.},
  date = {2017},
  journaltitle = {Suicide and Life-Threatening Behavior},
  volume = {47},
  number = {3},
  pages = {282--296},
  issn = {1943-278X},
  doi = {10.1111/sltb.12286},
  url = {http://onlinelibrary.wiley.com/doi/abs/10.1111/sltb.12286},
  urldate = {2022-01-29},
  langid = {english},
  annotation = {\_eprint: https://onlinelibrary.wiley.com/doi/pdf/10.1111/sltb.12286}
}

@misc{murarkaDetectionClassificationMental2020,
  title = {Detection and {{Classification}} of Mental Illnesses on Social Media Using {{RoBERTa}}},
  author = {Murarka, Ankit and Radhakrishnan, Balaji and Ravichandran, Sushma},
  date = {2020-11-23},
  number = {arXiv:2011.11226},
  eprint = {2011.11226},
  eprinttype = {arxiv},
  primaryclass = {cs},
  publisher = {{arXiv}},
  url = {http://arxiv.org/abs/2011.11226},
  urldate = {2022-06-20},
  archiveprefix = {arXiv},
  keywords = {Computer Science - Machine Learning}
}

@article{odeaDetectingSuicidalityTwitter2015,
  title = {Detecting Suicidality on {{Twitter}}},
  author = {O'Dea, Bridianne and Wan, Stephen and Batterham, Philip J. and Calear, Alison L. and Paris, Cecile and Christensen, Helen},
  date = {2015-05-01},
  journaltitle = {Internet Interventions},
  shortjournal = {Internet Interventions},
  volume = {2},
  number = {2},
  pages = {183--188},
  issn = {2214-7829},
  doi = {10.1016/j.invent.2015.03.005},
  url = {https://www.sciencedirect.com/science/article/pii/S2214782915000160},
  urldate = {2021-11-15},
  langid = {english},
  keywords = {Big data,Machine learning,Online,Prevention,Social media,Suicide,Twitter}
}

@article{odeaLinguisticAnalysisSuiciderelated2017,
  title = {A Linguistic Analysis of Suicide-Related {{Twitter}} Posts},
  author = {O'Dea, Bridianne and Larsen, Mark E. and Batterham, Philip J. and Calear, Alison L. and Christensen, Helen},
  date = {2017},
  journaltitle = {Crisis: The Journal of Crisis Intervention and Suicide Prevention},
  shortjournal = {Crisis: The Journal of Crisis Intervention and Suicide Prevention},
  volume = {38},
  number = {5},
  pages = {319--329},
  publisher = {{Hogrefe Publishing}},
  issn = {0227-5910},
  doi = {10.1027/0227-5910/a000443},
  url = {https://search.ebscohost.com/login.aspx?direct=true&db=pdh&AN=2017-08715-001&site=ehost-live},
  urldate = {2021-11-15},
  keywords = {At Risk Populations,Case-Control Studies,Female,Humans,linguistic analysis,Linguistics,Male,prevention,Psycholinguistics,Risk Factors,social media,Social Media,Suicidal Ideation,suicide,Suicide,Twitter}
}

@article{ophirDeepNeuralNetworks2020,
  title = {Deep Neural Networks Detect Suicide Risk from Textual Facebook Posts},
  author = {Ophir, Yaakov and Tikochinski, Refael and Asterhan, Christa S. C. and Sisso, Itay and Reichart, Roi},
  date = {2020-12},
  year= {2020},
  journaltitle = {Scientific Reports},
  shortjournal = {Sci Rep},
  volume = {10},
  number = {1},
  pages = {16685},
  issn = {2045-2322},
  doi = {10.1038/s41598-020-73917-0},
  url = {https://www.nature.com/articles/s41598-020-73917-0},
  urldate = {2021-11-15},
  langid = {english}
}

@inproceedings{parraga-alavaUnsupervisedLearningApproach2019,
  title = {An {{Unsupervised Learning Approach}} for {{Automatically}} to {{Categorize Potential Suicide Messages}} in {{Social Media}}},
  booktitle = {2019 38th {{International Conference}} of the {{Chilean Computer Science Society}} ({{SCCC}})},
  author = {Parraga-Alava, Jorge and Caicedo, Roberto Acuña and Gómez, José Manuel and Inostroza-Ponta, Mario},
  date = {2019-11},
  pages = {1--8},
  issn = {1522-4902},
  doi = {10.1109/SCCC49216.2019.8966443},
  eventtitle = {2019 38th {{International Conference}} of the {{Chilean Computer Science Society}} ({{SCCC}})},
  keywords = {Annotations,automatic annotation,Clustering,Clustering algorithms,corpus,Measurement,Natural language processing,Semantics,social media,Social networking (online),suicide,unsupervised learning,Unsupervised learning}
}

@inproceedings{paulMixedMembershipMarkov2012,
  title = {Mixed {{Membership Markov Models}} for {{Unsupervised Conversation Modeling}}},
  booktitle = {Proceedings of the 2012 {{Joint Conference}} on {{Empirical Methods}} in {{Natural Language Processing}} and {{Computational Natural Language Learning}}},
  author = {Paul, Michael J.},
  date = {2012-07},
  pages = {94--104},
  publisher = {{Association for Computational Linguistics}},
  location = {{Jeju Island, Korea}},
  url = {https://aclanthology.org/D12-1009},
  urldate = {2021-09-23},
  eventtitle = {{{CoNLL-EMNLP}} 2012}
}

@article{popenhagenAdolescentSuicideDetection1998,
  title = {Adolescent {{Suicide}}: {{Detection}}, {{Intervention}}, and {{Prevention}}},
  shorttitle = {Adolescent {{Suicide}}},
  author = {Popenhagen, Mark P. and Qualley, Roxanne M.},
  date = {1998},
  journaltitle = {Professional School Counseling},
  volume = {1},
  number = {4},
  eprint = {42731820},
  eprinttype = {jstor},
  pages = {30--36},
  publisher = {{American School Counselor Association}},
  issn = {1096-2409}
}

@article{prakashRareBERTTransformerArchitecture2021,
  title = {{{RareBERT}}: {{Transformer Architecture}} for {{Rare Disease Patient Identification}} Using {{Administrative Claims}}},
  shorttitle = {{{RareBERT}}},
  author = {Prakash, P. K. S. and Chilukuri, Srinivas and Ranade, Nikhil and Viswanathan, Shankar},
  date = {2021-05-18},
  journaltitle = {Proceedings of the AAAI Conference on Artificial Intelligence},
  volume = {35},
  number = {1},
  pages = {453--460},
  issn = {2374-3468},
  url = {https://ojs.aaai.org/index.php/AAAI/article/view/16122},
  urldate = {2022-01-26},
  issue = {1},
  langid = {english},
  keywords = {(Deep) Neural Network Algorithms}
}

@inproceedings{prasetioPredictingFootballMatch2016,
  title = {Predicting Football Match Results with Logistic Regression},
  booktitle = {2016 {{International Conference On Advanced Informatics}}: {{Concepts}}, {{Theory And Application}} ({{ICAICTA}})},
  author = {Prasetio, Darwin and Harlili, Dra.},
  date = {2016-08},
  pages = {1--5},
  doi = {10.1109/ICAICTA.2016.7803111},
  eventtitle = {2016 {{International Conference On Advanced Informatics}}: {{Concepts}}, {{Theory And Application}} ({{ICAICTA}})},
  keywords = {Games,High definition video,logistic regression,Logistics,prediction accuracy,Predictive models,regression coefficients,Testing,Training,Training data,variables}
}

@online{PsychologicalMeaningWords,
  title = {The {{Psychological Meaning}} of {{Words}}: {{LIWC}} and {{Computerized Text Analysis Methods}} - {{Yla R}}. {{Tausczik}}, {{James W}}. {{Pennebaker}}, 2010},
  url = {https://journals.sagepub.com/doi/10.1177/0261927X09351676},
  urldate = {2021-11-27}
}

@unpublished{raghebAttentionbasedModelingEmotion2019,
  title = {Attention-Based {{Modeling}} for {{Emotion Detection}} and {{Classification}} in {{Textual Conversations}}},
  author = {Ragheb, Waleed and Azé, Jérôme and Bringay, Sandra and Servajean, Maximilien},
  date = {2019-06-14},
  eprint = {1906.07020},
  eprinttype = {arxiv},
  primaryclass = {cs},
  url = {http://arxiv.org/abs/1906.07020},
  urldate = {2021-12-06},
  archiveprefix = {arXiv},
  keywords = {Computer Science - Computation and Language}
}

@article{ritterUnsupervisedModelingTwitter,
  title = {Unsupervised {{Modeling}} of {{Twitter Conversations}}},
  author = {Ritter, Alan and Cherry, Colin and Dolan, Bill},
  pages = {9},
  langid = {english}
}

@article{sarsamLexiconbasedApproachDetecting2021,
  title = {A Lexicon-Based Approach to Detecting Suicide-Related Messages on {{Twitter}}},
  author = {Sarsam, Samer Muthana and Al-Samarraie, Hosam and Alzahrani, Ahmed Ibrahim and Alnumay, Waleed and Smith, Andrew Paul},
  date = {2021-03},
  journaltitle = {Biomedical Signal Processing and Control},
  shortjournal = {Biomedical Signal Processing and Control},
  volume = {65},
  pages = {102355},
  issn = {17468094},
  doi = {10.1016/j.bspc.2020.102355},
  url = {https://linkinghub.elsevier.com/retrieve/pii/S1746809420304651},
  urldate = {2021-12-08},
  langid = {english}
}

@article{sarsamLexiconbasedApproachDetecting2021a,
  title = {A Lexicon-Based Approach to Detecting Suicide-Related Messages on {{Twitter}}},
  author = {Sarsam, Samer Muthana and Al-Samarraie, Hosam and Alzahrani, Ahmed Ibrahim and Alnumay, Waleed and Smith, Andrew Paul},
  date = {2021-03},
  journaltitle = {Biomedical Signal Processing and Control},
  shortjournal = {Biomedical Signal Processing and Control},
  volume = {65},
  pages = {102355},
  issn = {17468094},
  doi = {10.1016/j.bspc.2020.102355},
  url = {https://linkinghub.elsevier.com/retrieve/pii/S1746809420304651},
  urldate = {2021-12-08},
  langid = {english}
}

@article{schoeneHierarchicalMultiscaleRecurrent2021,
  title = {Hierarchical {{Multiscale Recurrent Neural Networks}} for {{Detecting Suicide Notes}}},
  author = {Schoene, Annika Marie and Turner, Alexander and De Mel, Geeth Ranmal and Dethlefs, Nina},
  date = {2021},
  journaltitle = {IEEE Transactions on Affective Computing},
  pages = {1--1},
  issn = {1949-3045},
  doi = {10.1109/TAFFC.2021.3057105},
  eventtitle = {{{IEEE Transactions}} on {{Affective Computing}}},
  keywords = {Blogs,Depression,Linguistics,Medical services,Natural Language Processing,Recurrent neural networks,Recurrent Neural Networks,Social networking (online),Task analysis,Text Classification}
}

@inproceedings{seahDataMiningApproach2018,
  title = {Data {{Mining Approach}} to the {{Detection}} of {{Suicide}} in {{Social Media}}: {{A Case Study}} of {{Singapore}}},
  shorttitle = {Data {{Mining Approach}} to the {{Detection}} of {{Suicide}} in {{Social Media}}},
  booktitle = {2018 {{IEEE International Conference}} on {{Big Data}} ({{Big Data}})},
  author = {Seah, Jane H. K. and Jin Shim, Kyong},
  date = {2018-12},
  pages = {5442--5444},
  doi = {10.1109/BigData.2018.8622528},
  eventtitle = {2018 {{IEEE International Conference}} on {{Big Data}} ({{Big Data}})},
  keywords = {Big Data,Cleaning,data mining,Data mining,Organizations,Python,social media,Social network services,suicide,suicide detection}
}



@unpublished{sekerAlephBERTHebrewLarge2021,
  title = {{{AlephBERT}}:{{A Hebrew Large Pre-Trained Language Model}} to {{Start-off}} Your {{Hebrew NLP Application With}}},
  shorttitle = {{{AlephBERT}}},
  author = {Seker, Amit and Bandel, Elron and Bareket, Dan and Brusilovsky, Idan and Greenfeld, Refael Shaked and Tsarfaty, Reut},
  date = {2021-04-08},
  year= {2021},
  eprint = {2104.04052},
  eprinttype = {arxiv},
  primaryclass = {cs},
  url = {http://arxiv.org/abs/2104.04052},
  urldate = {2021-11-27},
  archiveprefix = {arXiv},
  keywords = {Computer Science - Computation and Language}
}

@inproceedings{shapiraHebrewPsychologicalLexicons2021,
  title = {Hebrew {{Psychological Lexicons}}},
  booktitle = {Proceedings of the {{Seventh Workshop}} on {{Computational Linguistics}} and {{Clinical Psychology}}: {{Improving Access}}},
  author = {Shapira, Natalie and Atzil-Slonim, Dana and Juravski, Daniel and Baruch, Moran and Stolowicz-Melman, Dana and Paz, Adar and Alfi-Yogev, Tal and Azoulay, Roy and Singer, Adi and Revivo, Maayan and Dahbash, Chen and Dayan, Limor and Naim, Tamar and Gez, Lidar and Yanai, Boaz and Maman, Adva and Nadaf, Adam and Sarfati, Elinor and Baloum, Amna and Naor, Tal and Mosenkis, Ephraim and Sarsour, Badreya and Gelfand Morgenshteyn, Jany and Elias, Yarden and Braun, Liat and Rubin, Moria and Kenigsbuch, Matan and Bergwerk, Noa and Yosef, Noam and Peled, Sivan and Avigdor, Coral and Obercyger, Rahav and Mann, Rachel and Alper, Tomer and Beka, Inbal and Shapira, Ori and Goldberg, Yoav},
  date = {2021-06},
  pages = {55--69},
  publisher = {{Association for Computational Linguistics}},
  location = {{Online}},
  doi = {10.18653/v1/2021.clpsych-1.6},
  url = {https://aclanthology.org/2021.clpsych-1.6},
  urldate = {2021-10-13},
  eventtitle = {{{CLPsych-NAACL}} 2021}
}

@inproceedings{stolarDetectionDepressionAdolescents2015,
  title = {Detection of Depression in Adolescents Based on Statistical Modeling of Emotional Influences in Parent-Adolescent Conversations},
  booktitle = {2015 {{IEEE International Conference}} on {{Acoustics}}, {{Speech}} and {{Signal Processing}} ({{ICASSP}})},
  author = {Stolar, Melissa N and Lech, Margaret and Allen, Nicholas B},
  date = {2015-04},
  pages = {987--991},
  issn = {2379-190X},
  doi = {10.1109/ICASSP.2015.7178117},
  eventtitle = {2015 {{IEEE International Conference}} on {{Acoustics}}, {{Speech}} and {{Signal Processing}} ({{ICASSP}})},
  keywords = {Accuracy,Conferences,conversation modeling,Depression diagnosis,emotional influence model,Feature extraction,Mel frequency cepstral coefficient,Speech,speech classification,Speech processing}
}

@article{sunHowFineTuneBERT2020,
  title = {How to {{Fine-Tune BERT}} for {{Text Classification}}?},
  author = {Sun, Chi and Qiu, Xipeng and Xu, Yige and Huang, Xuanjing},
  date = {2020-02-05},
  eprint = {1905.05583},
  eprinttype = {arxiv},
  primaryclass = {cs},
  year= {2020},
  url = {http://arxiv.org/abs/1905.05583},
  urldate = {2022-04-06},
  archiveprefix = {arXiv},
  keywords = {Computer Science - Computation and Language}
}

@article{topazIdentifyingDiabetesClinical2019,
  title = {Identifying {{Diabetes}} in {{Clinical Notes}} in {{Hebrew}}: {{A Novel Text Classification Approach Based}} on {{Word Embedding}}},
  shorttitle = {Identifying {{Diabetes}} in {{Clinical Notes}} in {{Hebrew}}},
  author = {Topaz, Maxim and Murga, Ludmila and Grossman, Chagai and Daliyot, Daniella and Jacobson, Shlomit and Rozendorn, Noa and Zimlichman, Eyal and Furie, Nadav},
  date = {2019},
  journaltitle = {MEDINFO 2019: Health and Wellbeing e-Networks for All},
  pages = {393--397},
  publisher = {{IOS Press}},
  doi = {10.3233/SHTI190250},
  url = {https://ebooks.iospress.nl/doi/10.3233/SHTI190250},
  urldate = {2021-11-27}
}

@unpublished{tsarfatyWhatWrongHebrew2019,
  title = {What's {{Wrong}} with {{Hebrew NLP}}? {{And How}} to {{Make}} It {{Right}}},
  shorttitle = {What's {{Wrong}} with {{Hebrew NLP}}?},
  author = {Tsarfaty, Reut and Seker, Amit and Sadde, Shoval and Klein, Stav},
  date = {2019-08-15},
  eprint = {1908.05453},
  eprinttype = {arxiv},
  primaryclass = {cs},
  url = {http://arxiv.org/abs/1908.05453},
  urldate = {2021-11-27},
  archiveprefix = {arXiv},
  keywords = {Computer Science - Computation and Language}
}

@article{wangMedicalLevelSuicideRisk2021,
  title = {Medical-{{Level Suicide Risk Analysis}}: {{A Novel Standard}} and {{Evaluation Model}}},
  shorttitle = {Medical-{{Level Suicide Risk Analysis}}},
  author = {Wang, Rui and Yang, Bing Xiang and Ma, Yujun and Wang, Peilin and Yu, Qiao and Zong, Xiaofen and Huang, Zhen and Ma, Simeng and Hu, Long and Hwang, Kai and Liu, Zhongchun},
  date = {2021-12},
  year= {2021},
  journaltitle = {IEEE Internet of Things Journal},
  volume = {8},
  number = {23},
  pages = {16825--16834},
  issn = {2327-4662},
  doi = {10.1109/JIOT.2021.3052363},
  eventtitle = {{{IEEE Internet}} of {{Things Journal}}},
  keywords = {Blogs,Dictionaries,Evaluation model,Feature extraction,knowledge perception,Monitoring,Psychology,Social networking (online),Standards,suicide risk standard}
}

@article{wangPoisoningDeathsChina2018,
  title = {Poisoning Deaths in {{China}}, 2006–2016},
  author = {Wang, Lijun and Wu, Yue and Yin, Peng and Cheng, Peixia and Liu, Yunning and Schwebel, David C and Qi, Jinlei and Ning, Peishan and Liu, Jiangmei and Cheng, Xunjie and Zhou, Maigeng and Hu, Guoqing},
  date = {2018-05-01},
  journaltitle = {Bulletin of the World Health Organization},
  volume = {96},
  number = {5},
  pages = {314-326A},
  publisher = {{World Health Organization}},
  issn = {0042-9686},
  doi = {10.2471/BLT.17.203943},
  url = {https://apps.who.int/iris/handle/10665/272790},
  urldate = {2021-11-19},
  langid = {english},
  keywords = {Research}
}

@article{xuDetectingSuicideRisk2021,
  title = {Detecting Suicide Risk Using Knowledge-Aware Natural Language Processing and Counseling Service Data},
  author = {Xu, Zhongzhi and Xu, Yucan and Cheung, Florence and Cheng, Mabel and Lung, Daniel and Law, Yik Wa and Chiang, Byron and Zhang, Qingpeng and Yip, Paul S.F.},
  date = {2021-08},
  journaltitle = {Social Science \& Medicine},
  shortjournal = {Social Science \& Medicine},
  volume = {283},
  year= {2021},
  pages = {114176},
  issn = {02779536},
  doi = {10.1016/j.socscimed.2021.114176},
  url = {https://linkinghub.elsevier.com/retrieve/pii/S0277953621005086},
  urldate = {2021-11-19},
  langid = {english}
}

@article{zalsmanSuiciderelatedCallsNational2021,
  title = {Suicide-Related Calls to a National Crisis Chat Hotline Service during the {{COVID-19}} Pandemic and Lockdown},
  author = {Zalsman, Gil and Levy, Yael and Sommerfeld, Eliane and Segal, Avi and Assa, Dana and Ben-Dayan, Loona and Valevski, Avi and Mann, J. John},
  date = {2021-07},
  journaltitle = {Journal of Psychiatric Research},
  shortjournal = {Journal of Psychiatric Research},
  volume = {139},
  pages = {193--196},
  issn = {00223956},
  doi = {10.1016/j.jpsychires.2021.05.060},
  url = {https://linkinghub.elsevier.com/retrieve/pii/S0022395621003307},
  urldate = {2021-10-27},
  langid = {english}
}

@inproceedings{zhangDialogueBERTSelfSupervisedLearning2021,
  title = {{{DialogueBERT}}: {{A Self-Supervised Learning}} Based {{Dialogue Pre-training Encoder}}},
  shorttitle = {{{DialogueBERT}}},
  booktitle = {Proceedings of the 30th {{ACM International Conference}} on {{Information}} \& {{Knowledge Management}}},
  author = {Zhang, Zhenyu and Guo, Tao and Chen, Meng},
  date = {2021-10-26},
  pages = {3647--3651},
  publisher = {{ACM}},
  location = {{Virtual Event Queensland Australia}},
  doi = {10.1145/3459637.3482085},
  url = {https://dl.acm.org/doi/10.1145/3459637.3482085},
  urldate = {2022-02-09},
  eventtitle = {{{CIKM}} '21: {{The}} 30th {{ACM International Conference}} on {{Information}} and {{Knowledge Management}}},
  isbn = {978-1-4503-8446-9},
  langid = {english}
}

@inproceedings{zhangTimeAwareTransformerbasedNetwork2020,
  title = {Time-{{Aware Transformer-based Network}} for {{Clinical Notes Series Prediction}}},
  booktitle = {Proceedings of the 5th {{Machine Learning}} for {{Healthcare Conference}}},
  author = {Zhang, Dongyu and Thadajarassiri, Jidapa and Sen, Cansu and Rundensteiner, Elke},
  date = {2020-09-18},
  pages = {566--588},
  publisher = {{PMLR}},
  issn = {2640-3498},
  url = {https://proceedings.mlr.press/v126/zhang20c.html},
  urldate = {2022-05-25},
  eventtitle = {Machine {{Learning}} for {{Healthcare Conference}}},
  langid = {english}
}

@article{zhouSelfsupervisedRegularizationText2021,
  title = {Self-Supervised {{Regularization}} for {{Text Classification}}},
  author = {Zhou, Meng and Li, Zechen and Xie, Pengtao},
  date = {2021-07-08},
  journaltitle = {Transactions of the Association for Computational Linguistics},
  volume = {9},
  pages = {641--656},
  issn = {2307-387X},
  doi = {10.1162/tacl_a_00389},
  url = {https://direct.mit.edu/tacl/article/doi/10.1162/tacl_a_00389/102845/Self-supervised-Regularization-for-Text},
  urldate = {2022-04-17},
  langid = {english}
}

@article{chu2017interpersonal,
  title={The interpersonal theory of suicide: A systematic review and meta-analysis of a decade of cross-national research.},
  author={Chu, Carol and Buchman-Schmitt, Jennifer M and Stanley, Ian H and Hom, Melanie A and Tucker, Raymond P and Hagan, Christopher R and Rogers, Megan L and Podlogar, Matthew C and Chiurliza, Bruno and Ringer, Fallon B and others},
  journal={Psychological bulletin},
  volume={143},
  number={12},
  pages={1313},
  year={2017},
  publisher={American Psychological Association}
}

@article{posner2008columbia,
  title={Columbia-suicide severity rating scale (C-SSRS)},
  author={Posner, K and Brent, D and Lucas, C and Gould, M and Stanley, B and Brown, G and Fisher, P and Zelazny, J and Burke, A and Oquendo, MJNY and others},
  journal={New York, NY: Columbia University Medical Center},
  volume={10},
  year={2008}
}

@article{o2018integrated,
  title={The integrated motivational--volitional model of suicidal behaviour},
  author={O'Connor, Rory C and Kirtley, Olivia J},
  journal={Philosophical Transactions of the Royal Society B: Biological Sciences},
  volume={373},
  number={1754},
  pages={20170268},
  year={2018},
  publisher={The Royal Society}
}

@article{klonsky2015three,
  title={The three-step theory (3ST): A new theory of suicide rooted in the “ideation-to-action” framework},
  author={Klonsky, E David and May, Alexis M},
  journal={International Journal of Cognitive Therapy},
  volume={8},
  number={2},
  pages={114--129},
  year={2015},
  publisher={Guilford Publications}
}

@article{schuck2019suicide,
  title={Suicide Crisis Syndrome: A review of supporting evidence for a new suicide-specific diagnosis},
  author={Schuck, Allison and Calati, Raffaella and Barzilay, Shira and Bloch-Elkouby, Sarah and Galynker, Igor},
  journal={Behavioral sciences \& the law},
  volume={37},
  number={3},
  pages={223--239},
  year={2019},
  publisher={Wiley Online Library}
}

@article{zalsman2021suicide,
  title={Suicide-related calls to a national crisis chat hotline service during the COVID-19 pandemic and lockdown},
  author={Zalsman, Gil and Levy, Yael and Sommerfeld, Eliane and Segal, Avi and Assa, Dana and Ben-Dayan, Loona and Valevski, Avi and Mann, J John},
  journal={Journal of psychiatric research},
  year={2021},
  publisher={Elsevier}
}


@inproceedings{gu2021dialogbert,
  title={Dialogbert: Discourse-aware response generation via learning to recover and rank utterances},
  author={Gu, Xiaodong and Yoo, Kang Min and Ha, Jung-Woo},
  booktitle={Proceedings of the AAAI Conference on Artificial Intelligence},
  volume={35},
  number={14},
  pages={12911--12919},
  year={2021}
}



@inproceedings{kliper2010evidence,
  title={Evidence for depression and schizophrenia in speech prosody},
  author={Kliper, Roi and Vaizman, Yonatan and Weinshall, Daphna and Portuguese, Shirley},
  booktitle={Proceedings of the 3rd ICSA Tutorial and Research Workshop on Experimental Linguistics 2010},
  pages={85--88},
  year={2010}
}

@article{wilson2006relevance,
  title={Relevance and prosody},
  author={Wilson, Deirdre and Wharton, Tim},
  journal={Journal of pragmatics},
  volume={38},
  number={10},
  pages={1559--1579},
  year={2006},
  publisher={Elsevier}
}

@article{heckler2021machine,
  title={Machine learning for suicidal ideation identification: A systematic literature review},
  author={Heckler, Wesllei Felipe and de Carvalho, Juliano Varella and Barbosa, Jorge Luis Vict{\'o}ria},
  journal={Computers in Human Behavior},
  pages={107095},
  year={2021},
  publisher={Elsevier}
}


@inproceedings{seker2022alephbert,
  title={AlephBERT: Language Model Pre-training and Evaluation from Sub-Word to Sentence Level},
  author={Seker, Amit and Bandel, Elron and Bareket, Dan and Brusilovsky, Idan and Greenfeld, Refael and Tsarfaty, Reut},
  booktitle={Proceedings of the 60th Annual Meeting of the Association for Computational Linguistics (Volume 1: Long Papers)},
  pages={46--56},
  year={2022}
}

@article{world2021live,
  title={Live life: an implementation guide for suicide prevention in countries},
  author={World-Health-Organization},
  year={2021},
  publisher={World Health Organization}
}

@article{turecki2016suicide,
  title={Suicide and suicidal behaviour},
  author={Turecki, Gustavo and Brent, David A},
  journal={The Lancet},
  volume={387},
  number={10024},
  pages={1227--1239},
  year={2016},
  publisher={Elsevier}
}

@article{nock2008suicide,
  title={Suicide and suicidal behavior},
  author={Nock, Matthew K and Borges, Guilherme and Bromet, Evelyn J and Cha, Christine B and Kessler, Ronald C and Lee, Sing},
  journal={Epidemiologic reviews},
  volume={30},
  number={1},
  pages={133--154},
  year={2008},
  publisher={Oxford University Press}
}

@article{kroenke2001phq,
  title={The PHQ-9: validity of a brief depression severity measure},
  author={Kroenke, Kurt and Spitzer, Robert L and Williams, Janet BW},
  journal={Journal of general internal medicine},
  volume={16},
  number={9},
  pages={606--613},
  year={2001},
  publisher={Wiley Online Library}
}

@article{van2012thwarted,
  title={Thwarted belongingness and perceived burdensomeness: construct validity and psychometric properties of the Interpersonal Needs Questionnaire.},
  author={Van Orden, Kimberly A and Cukrowicz, Kelly C and Witte, Tracy K and Joiner Jr, Thomas E},
  journal={Psychological assessment},
  volume={24},
  number={1},
  pages={197},
  year={2012},
  publisher={American Psychological Association}
}

@inproceedings{sokolova2006beyond,
  title={Beyond accuracy, F-score and ROC: a family of discriminant measures for performance evaluation},
  author={Sokolova,Marina and Japkowicz,Nathalie and Szpakowicz,Stan and Szpakowicz,Stan},
  booktitle={Australasian joint conference on artificial intelligence},
  pages={1015--1021},
  year={2006},
  organization={Springer}
}
}


