@article{hopcroft1973algorithm,
  title={Algorithm 447: efficient algorithms for graph manipulation},
  author={Hopcroft, John and Tarjan, Robert},
  journal={Communications of the ACM},
  volume={16},
  number={6},
  pages={372--378},
  year={1973}
}

@article{harary1966block,
  title={The block-cutpoint-tree of a graph},
  author={Harary, Frank and Prins, Geert},
  journal={Publ. Math. Debrecen},
  volume={13},
  number={103-107},
  pages={19},
  year={1966}
}

@inproceedings{goldenberg2010portal,
  title={Portal-based true-distance heuristics for path finding},
  author={Goldenberg, Meir and Felner, Ariel and Sturtevant, Nathan and Schaeffer, Jonathan},
  booktitle={Symposium on Combinatorial Search (SoCS)},
  year={2010}
}

@inproceedings{sturtevant2009memory,
  title={Memory-based heuristics for explicit state spaces},
  author={Sturtevant, Nathan R and Felner, Ariel and Barrer, Max and Schaeffer, Jonathan and Burch, Neil},
  booktitle={International Joint Conference on Artificial Intelligence (IJCAI)},
  year={2009}
}

@article{hoffmann2001ff,
  title={The FF planning system: Fast plan generation through heuristic search},
  author={Hoffmann, J{\"o}rg and Nebel, Bernhard},
  journal={Journal of Artificial Intelligence Research},
  volume={14},
  pages={253--302},
  year={2001}
}

@inproceedings{haslum2007domain,
  title={Domain-independent construction of pattern database heuristics for cost-optimal planning},
  author={Haslum, Patrik and Botea, Adi and Helmert, Malte and Bonet, Blai and Koenig, Sven and others},
  booktitle={AAAI},
  volume={7},
  pages={1007--1012},
  year={2007}
}

@inproceedings{edelkamp2014planning,
  title={Planning with pattern databases},
  author={Edelkamp, Stefan},
  booktitle={European Conference on Planning (ECP)},
  year={2014}
}

@article{culberson1998pattern,
  title={Pattern databases},
  author={Culberson, Joseph C and Schaeffer, Jonathan},
  journal={Computational Intelligence},
  volume={14},
  number={3},
  pages={318--334},
  year={1998}
}
@article{felner2004additive,
  title={Additive pattern database heuristics},
  author={Felner, Ariel and Korf, Richard E and Hanan, Sarit},
  journal={Journal of Artificial Intelligence Research},
  volume={22},
  pages={279--318},
  year={2004}
}

@article{karger1997approximating,
  title={On approximating the longest path in a graph},
  author={Karger, David and Motwani, Rajeev and Ramkumar, Gurumurthy DS},
  journal={Algorithmica},
  volume={18},
  number={1},
  pages={82--98},
  year={1997}
}

@article{hart1968formal,
  title={A formal basis for the heuristic determination of minimum cost paths},
  author={Hart, Peter E and Nilsson, Nils J and Raphael, Bertram},
  journal={IEEE transactions on Systems Science and Cybernetics},
  volume={4},
  number={2},
  pages={100--107},
  year={1968}
}

@inproceedings{DBLP:conf/socs/SternKPFR14,
  author    = {Roni Stern and
               Scott Kiesel and
               Rami Puzis and
               Ariel Felner and
               Wheeler Ruml},
  title     = {Max is More than Min: Solving Maximization Problems with Heuristic
               Search},
  booktitle = {Symposium on Combinatorial Search ({SOCS})},
  year      = {2014}
}

@preamble{"\providecommand\pagehyphen{-}"}
@inbook{chen2016vlsi,
  title    = {The VLSI Handbook, Second Edition},
  author   = {Chen, W.K.},
  isbn     = {9781420005967},
  series   = {Electrical Engineering Handbook},
  url      = {https://books.google.co.il/books?id=rMsqBgAAQBAJ},
  year     = {2016},
  publisher= {CRC Press},
  pages    = {77\pagehyphen31}
}

@Article{Kautz:1958:UDE,
  author =       "W. H. Kautz",
  title =        "Unit-Distance Error-Checking Codes",
  journal =      "j-IRE-TRANS-ELEC-COMPUT",
  volume =       "EC-7",
  number =       "2",
  pages =        "179--180",
  month =        jun,
  year =         "1958",
  CODEN =        "IRELAO",
  DOI =          "https://doi.org/10.1109/TEC.1958.5222529",
  ISSN =         "0367-9950",
  bibdate =      "Thu Jul 14 15:56:43 MDT 2011",
  bibsource =    "http://www.math.utah.edu/pub/tex/bib/ieeetranscomput.bib",
  URL =          "http://ieeexplore.ieee.org/stamp/stamp.jsp?tp=&arnumber=5222529",
  acknowledgement = ack-nhfb,
  fjournal =     "IRE Transactions on Electronic Computers",
}

@inproceedings{DBLP:conf/cpaior/PhamD12,
  author    = {Quang{-}Dung Pham and
               Yves Deville},
  title     = {Solving the Longest Simple Path Problem with Constraint-Based Techniques},
  booktitle = {Integration of {AI} and {OR} Techniques in Contraint Programming for
               Combinatorial Optimzation Problems - 9th International Conference,
               {CPAIOR} 2012, Nantes, France, May 28 - June1, 2012. Proceedings},
  pages     = {292--306},
  year      = {2012},
  url       = {https://link.springer.com/chapter/10.1007/978-3-642-29828-8_19},
  doi       = {10.1007/978-3-642-29828-8\_19},
  timestamp = {Wed, 17 May 2017 14:24:39 +0200},
  biburl    = {https://dblp.org/rec/bib/conf/cpaior/PhamD12},
  bibsource = {dblp computer science bibliography, https://dblp.org}
}


@inproceedings{DBLP:conf/smc/PortugalAR10,
  author    = {David Portugal and
               Carlos Henggeler Antunes and
               Rui P. Rocha},
  title     = {A study of genetic algorithms for approximating the longest path in
               generic graphs},
  booktitle = {Proceedings of the {IEEE} International Conference on Systems, Man
               and Cybernetics, Istanbul, Turkey, 10-13 October 2010},
  pages     = {2539--2544},
  year      = {2010},
  url       = {https://doi.org/10.1109/ICSMC.2010.5641920},
  doi       = {10.1109/ICSMC.2010.5641920},
  timestamp = {Mon, 05 Jun 2017 12:40:13 +0200},
  biburl    = {https://dblp.org/rec/bib/conf/smc/PortugalAR10},
  bibsource = {dblp computer science bibliography, https://dblp.org}
}

@inproceedings{Portugal:2010:MAM:1774088.1774360,
 author = {Portugal, David and Rocha, Rui},
 title = {MSP Algorithm: Multi-robot Patrolling Based on Territory Allocation Using Balanced Graph Partitioning},
 booktitle = {Proceedings of the 2010 ACM Symposium on Applied Computing},
 series = {SAC '10},
 year = {2010},
 isbn = {978-1-60558-639-7},
 location = {Sierre, Switzerland},
 pages = {1271--1276},
 numpages = {6},
 url = {http://doi.acm.org/10.1145/1774088.1774360},
 doi = {10.1145/1774088.1774360},
 acmid = {1774360},
 publisher = {ACM},
 address = {New York, NY, USA},
} 


@article{KeshavarzKohjerdi2012ALA,
  title={A linear-time algorithm for the longest path problem in rectangular grid graphs},
  author={Fatemeh Keshavarz-Kohjerdi and Alireza Bagheri and Asghar Asgharian-Sardroud},
  journal={Discrete Applied Mathematics},
  year={2012},
  volume={160},
  pages={210-217}
}

@inproceedings{DBLP:conf/socs/PalomboSPFKR15,
  author    = {Alon Palombo and
               Roni Stern and
               Rami Puzis and
               Ariel Felner and
               Scott Kiesel and
               Wheeler Ruml},
  title     = {Solving the Snake in the Box Problem with Heuristic Search: First
               Results},
  booktitle = {Symposium on Combinatorial Search (SoCS)},
  pages     = {96--104},
  year      = {2015}
}

@misc{Yossico2019,
  author = {Yossi Cohen},
  title = {Thesis open source code},
  year = {2019},
  publisher = {GitHub},
  journal = {GitHub repository},
  howpublished = {\url{https://github.com/YossiCohen/Heuristic-Search-Max}},
  branch = {master}
}

@electronic{citeulike:10225974,
    author = {Fowler, Glenn and Noll, Landon C. and Vo, Phong},
    citeulike-article-id = {10225974},
    citeulike-linkout-0 = {http://isthe.com/chongo/tech/comp/fnv/},
    posted-at = {2012-01-15 01:20:35},
    priority = {2},
    title = {Fowler / Noll / Vo ({FNV}) Hash},
    url = {http://isthe.com/chongo/tech/comp/fnv/},
    year = {1991}
}

@inproceedings{Wong:2005:IRP:1062745.1062799,
 author = {Wong, Wan Yeung and Lau, Tak Pang and King, Irwin},
 title = {Information Retrieval in P2P Networks Using Genetic Algorithm},
 booktitle = {Special Interest Tracks and Posters of the 14th International Conference on World Wide Web},
 series = {WWW '05},
 year = {2005},
 isbn = {1-59593-051-5},
 location = {Chiba, Japan},
 pages = {922--923},
 numpages = {2},
 url = {http://doi.acm.org/10.1145/1062745.1062799},
 doi = {10.1145/1062745.1062799},
 acmid = {1062799},
 publisher = {ACM},
 address = {New York, NY, USA},
 keywords = {P2P, genetic algorithm, longest path problem, query routing},
} 

@inproceedings{DBLP:conf/sies/SchmidtS10,
  author    = {Klaus Schmidt and
               Ece Guran Schmidt},
  title     = {A Longest-Path Problem for Evaluating the Worst-Case Packet Delay
               of Switched Ethernet},
  booktitle = {{SIES}},
  pages     = {205--208},
  publisher = {{IEEE}},
  year      = {2010}
}