@article{kolda2009tensor,
	title={Tensor decompositions and applications},
	author={Kolda, Tamara G and Bader, Brett W},
	journal={SIAM Rev.},
	volume={51},
	number={3},
	pages={455--500},
	year={2009},
	publisher={SIAM}
}

@article{lu2009uncorrelated,
	title={Uncorrelated multilinear principal component analysis for unsupervised multilinear subspace learning},
	author={H. Lu and  K. N. Plataniotis and A. N. Venetsanopoulos},
	journal={IEEE Trans. Neural Netw.},
	volume={20},
	number={11},
	pages={1820--1836},
	year={2009}
}

@book{box2015time,
	title={Time Series Analysis: Forecasting and Control},
	author={Box, George EP and Jenkins, Gwilym M and Reinsel, Gregory C and Ljung, Greta M},
	year={2015},
	publisher={John Wiley \& Sons}
}



@article{salinas2017deepar,
	title={{DeepAR}: Probabilistic forecasting with autoregressive recurrent networks},
	author={Salinas, David and Flunkert, Valentin and Gasthaus, Jan},
	journal={arXiv preprint arXiv:1704.04110},
	year={2017}
}

@inproceedings{faloutsos2019forecasting,
	title={Forecasting Big Time Series: Theory and Practice},
	author={Faloutsos, Christos and Flunkert, Valentin and Gasthaus, Jan and Januschowski, Tim and Wang, Yuyang},
	booktitle={ACM SIGKDD},
	pages={3209--3210},
	year={2019},
	organization={ACM}
}


@book{box2015time,
	title={Time series analysis: forecasting and control},
	author={Box, George EP and Jenkins, Gwilym M and Reinsel, Gregory C and Ljung, Greta M},
	year={2015},
	publisher={John Wiley \& Sons}
}


@book{hamilton1994time,
	title={Time series analysis},
	author={Hamilton, James Douglas},
	volume={2},
	year={1994},
	publisher={Princeton university press Princeton, NJ}
} 
@article{box1968some,
	title={Some recent advances in forecasting and control},
	author={Box, George EP and Jenkins, Gwilym M},
	journal={Journal of the Royal Statistical Society. Series C (Applied Statistics)},
	volume={17},
	number={2},
	pages={91--109},
	year={1968},
	publisher={JSTOR}
}
@inproceedings{li2015tensor,
	title={Tensor-based learning for predicting stock movements},
	author={Li, Qing and Jiang, LiLing and Li, Ping and Chen, Hsinchun},
	booktitle={AAAI},
	pages={1784--1790},
	year={2015},
	organization={AAAI Press}
}





@article{jing2018high,
	title={High-order temporal correlation model learning for time-series prediction},
	author={Jing, Peiguang and Su, Yuting and Jin, Xiao and Zhang, Chengqian},
	journal={IEEE Trans. Cybern.},
	volume={49},
	number={6},
	pages={2385--2397},
	year={2018},
	publisher={IEEE}
}

@inproceedings{ma2019large,
	title={Large-scale User Visits Understanding and Forecasting with Deep Spatial-Temporal Tensor Factorization Framework},
	author={Ma, Xiaoyang and Zhang, Lan and Xu, Lan and Liu, Zhicheng and Chen, Ge and Xiao, Zhili and Wang, Yang and Wu, Zhengtao},
	booktitle={ACM SIGKDD},
	pages={2403--2411},
	year={2019},
	organization={ACM}
}


********Tensor RNN***********
@inproceedings{ye2018learning,
	title={Learning compact recurrent neural networks with block-term tensor decomposition},
	author={Ye, Jinmian and Wang, Linnan and Li, Guangxi and Chen, Di and Zhe, Shandian and Chu, Xinqi and Xu, Zenglin},
	booktitle={CVPR},
	pages={9378--9387},
	year={2018}
}



@article{tan2016short,
	title={Short-term traffic prediction based on dynamic tensor completion},
	author={Tan, Huachun and Wu, Yuankai and Shen, Bin and Jin, Peter J and Ran, Bin},
	journal={IEEE Trans. Intell. Transp. Syst.},
	volume={17},
	number={8},
	pages={2123--2133},
	year={2016},
	publisher={IEEE}
}

@article{faloutsos2018forecasting,
	title={Forecasting big time series: old and new},
	author={Faloutsos, Christos and Gasthaus, Jan and Januschowski, Tim and Wang, Yuyang},
	journal={Proceedings of the VLDB Endowment},
	volume={11},
	number={12},
	pages={2102--2105},
	year={2018},
	publisher={VLDB Endowment}
}

@inproceedings{yokota2018missing,
	title={Missing slice recovery for tensors using a low-rank model in embedded space},
	author={Yokota, Tatsuya and Erem, Burak and Guler, Seyhmus and Warfield, Simon K and Hontani, Hidekata},
	booktitle={CVPR},
	pages={8251--8259},
	year={2018}
}


@article{taylor2018forecasting,
	title={Forecasting at scale},
	author={Taylor, Sean J and Letham, Benjamin},
	journal={The American Statistician},
	volume={72},
	number={1},
	pages={37--45},
	year={2018},
	publisher={Taylor \& Francis}
}


@article{salinas2017deepar,
	title={DeepAR: Probabilistic forecasting with autoregressive recurrent networks},
	author={Salinas, David and Flunkert, Valentin and Gasthaus, Jan},
	journal={arXiv preprint arXiv:1704.04110},
	year={2017}
}


@article{higham1995matrix,
	title={Matrix {P}rocrustes {P}roblems},
	author={Higham, Nick and Papadimitriou, Pythagoras},
journal={Rapport technique, University of Manchester},
	year={1995}
}




@inproceedings{shang2014generalized,
	title={Generalized higher-order tensor decomposition via parallel {ADMM}},
	author={Shang, Fanhua and Liu, Yuanyuan and Cheng, James},
	booktitle={AAAI},
	pages={1279--1285},
	year={2014},
	organization={AAAI Press}
}

@article{zhang2003time,
	title={Time series forecasting using a hybrid {ARIMA} and neural network model},
	author={Zhang, G Peter},
	journal={Neurocomputing},
	volume={50},
	pages={159--175},
	year={2003},
	publisher={Elsevier}
} 




@article{box1970time,
    title={},
    author={Box, George EP and Jenkins, Gwilym M},
	journal={\textit{Time series analysis forecasting and control}},
	year={1970},
	publisher={Holden-Day}
}

@inproceedings{liu2016online,
	title={Online {ARIMA} algorithms for time series prediction},
	author={Liu, Chenghao and Hoi, Steven CH and Zhao, Peilin and Sun, Jianling},
	booktitle={AAAI},
	pages={1867--1873},
	year={2016},
	organization={AAAI Press}
}

@inproceedings{shi2017tensor,
	title={Tensor rank estimation and completion via {CP}-based nuclear norm},
	author={Shi, Qiquan and Lu, Haiping and Cheung, Yiu-ming},
	booktitle={CIKM},
	pages={949--958},
	year={2017},
	organization={ACM}
}

@article{yokota2016robust,
	title={Robust multilinear tensor rank estimation using higher order singular value decomposition and information criteria},
	author={Yokota, Tatsuya and Lee, Namgil and Cichocki, Andrzej},
	journal={IEEE Trans. Signal Process.},
	volume={65},
	number={5},
	pages={1196--1206},
	year={2016},
	publisher={IEEE}
}

@article{yu2017spatio,
	title={Spatio-temporal graph convolutional networks: A deep learning framework for traffic forecasting},
	author={Yu, Bing and Yin, Haoteng and Zhu, Zhanxing},
	journal={arXiv preprint arXiv:1709.04875},
	year={2017}
}

@inproceedings{lai2018modeling,
	title={Modeling long-and short-term temporal patterns with deep neural networks},
	author={Lai, Guokun and Chang, Wei-Cheng and Yang, Yiming and Liu, Hanxiao},
	booktitle={ACM SIGIR},
	pages={95--104},
	year={2018},
	organization={ACM}
}

@article{taylor2018forecasting,
	title={Forecasting at scale},
	author={Taylor, Sean J and Letham, Benjamin},
	journal={The American Statistician},
	volume={72},
	number={1},
	pages={37--45},
	year={2018},
	publisher={Taylor \& Francis}
}

@inproceedings{chen2016xgboost,
	title={Xgboost: A scalable tree boosting system},
	author={Chen, Tianqi and Guestrin, Carlos},
	booktitle={ACM SIGKDD},
	pages={785--794},
	year={2016},
	organization={ACM}
}

@article{yu2017long,
	title={Long-term forecasting using {T}ensor-{T}rain {RNN}s},
	author={Yu, Rose and Zheng, Stephan and Anandkumar, Anima and Yue, Yisong},
	journal={arXiv preprint arXiv:1711.00073},
	year={2017}
}

@article{salinas2017deepar,
	title={DeepAR: Probabilistic forecasting with autoregressive recurrent networks},
	author={Salinas, David and Flunkert, Valentin and Gasthaus, Jan},
	journal={arXiv preprint arXiv:1704.04110},
	year={2017}
}

@inproceedings{yu2016temporal,
	title={Temporal regularized matrix factorization for high-dimensional time series prediction},
	author={Yu, Hsiang-Fu and Rao, Nikhil and Dhillon, Inderjit S},
	booktitle={NeurIPS},
	pages={847--855},
	year={2016}
}


@inproceedings{bhanu2018forecasting,
	title={Forecasting Traffic Flow in Big Cities Using Modified {Tucker} Decomposition},
	author={Bhanu, Manish and Priya, Shalini and Dandapat, Sourav Kumar and Chandra, Joydeep and Mendes-Moreira, Jo{\~a}o},
	booktitle={ADMA},
	pages={119--128},
	year={2018},
	organization={Springer}
}


@article{agarwal2018model,
	title={Model agnostic time series analysis via matrix estimation},
	author={Agarwal, Anish and Amjad, Muhammad Jehangir and Shah, Devavrat and Shen, Dennis},
	journal={POMACS},
	volume={2},
	number={3},
	pages={40},
	year={2018},
	publisher={ACM}
}

@article{yokota2019manifold,
	title={Manifold Modeling in Embedded Space: A Perspective for Interpreting ``deep Image Prior"},
	author={Yokota, Tatsuya and Hontani, Hidekata and Zhao, Qibin and Cichocki, Andrzej},
	journal={arXiv preprint arXiv:1908.02995},
	year={2019}
}

@inproceedings{yokota2018tensor,
	title={Tensor Completion with Shift-invariant Cosine Bases},
	author={Yokota, Tatsuya and Hontani, Hidekata},
	booktitle={APSIPA ASC},
	pages={1325--1333},
	year={2018},
	organization={IEEE}
}





@inproceedings{smyl2016data,
	title={Data preprocessing and augmentation for multiple short time series forecasting with recurrent neural networks},
	author={Smyl, Slawek and Kuber, Karthik},
	booktitle={ISF},
		year={2016},
		organization={Santander}
}

@article{vasconcelos2019dynamic,
	title={A Dynamic Mode Decomposition Approach With Hankel Blocks to Forecast Multi-Channel Temporal Series},
	author={Vasconcelos Filho, Enio and dos Santos, Paulo Lopes},
	journal={IEEE Contr. Syst. Lett.},
	pages={739 - 744},
	year={2019},
	publisher={IEEE}
}


@inproceedings{rogers2013multilinear,
	title={Multilinear dynamical systems for tensor time series},
	author={Rogers, Mark and Li, Lei and Russell, Stuart J},
	booktitle={NeurIPS},
	pages={2634--2642},
	year={2013}
}

@article{ding2015fast,
	title={Fast {Hankel} tensor--vector product and its application to exponential data fitting},
	author={Ding, Weiyang and Qi, Liqun and Wei, Yimin},
	journal={Numer. Linear Algebra Appl.},
	volume={22},
	number={5},
	pages={814--832},
	year={2015},
	publisher={Wiley Online Library}
}

@article{khashei2011novel,
	title={A novel hybridization of artificial neural networks and {ARIMA} models for time series forecasting},
	author={Khashei, Mehdi and Bijari, Mehdi},
	journal={Applied Soft Computing},
	volume={11},
	number={2},
	pages={2664--2675},
	year={2011},
	publisher={Elsevier}
}

@article{barak2016forecasting,
	title={Forecasting energy consumption using ensemble {ARIMA}--{ANFIS} hybrid algorithm},
	author={Barak, Sasan and Sadegh, S Saeedeh},
	journal={International Journal of Electrical Power \& Energy Systems},
	volume={82},
	pages={92--104},
	year={2016},
	publisher={Elsevier}
}



@article{fanaee2016tensor,
	title={Tensor-based anomaly detection: An interdisciplinary survey},
	author={Fanaee-T, Hadi and Gama, Jo{\~a}o},
	journal={Knowledge-Based Systems},
	volume={98},
	pages={130--147},
	year={2016},
	publisher={Elsevier}
}


@article{dunlavy2011temporal,
	title={Temporal link prediction using matrix and tensor factorizations},
	author={Dunlavy, Daniel M and Kolda, Tamara G and Acar, Evrim},
	journal={ACM Trans. Knowl. Discov. Data},
	volume={5},
	number={2},
	pages={10},
	year={2011},
	publisher={ACM}
}



@inproceedings{de2017tensorcast,
	title={{Tensorcast}: Forecasting with context using coupled tensors},
	author={de Araujo, Miguel Ramos and Ribeiro, Pedro Manuel Pinto and Faloutsos, Christos},
	booktitle={ICDM},
	pages={71--80},
	year={2017},
	organization={IEEE}
}

@inproceedings{chen2018neucast,
	title={{NeuCast}: seasonal neural forecast of power grid time series},
	author={Chen, Pudi and Liu, Shenghua and Shi, Chuan and Hooi, Bryan and Wang, Bai and Cheng, Xueqi},
	booktitle={IJCAI},
	pages={3315--3321},
	year={2018},
	organization={AAAI Press}
}

@article{sun2019bayesian,
	title={Bayesian Temporal Factorization for Multidimensional Time Series Prediction},
	author={Sun, Lijun and Chen, Xinyu},
	journal={arXiv preprint arXiv:1910.06366},
	year={2019}
}




 @article{cho2014learning,
	title={Learning phrase representations using RNN encoder-decoder for statistical machine translation},
	author={Cho, Kyunghyun and Van Merri{\"e}nboer, Bart and Gulcehre, Caglar and Bahdanau, Dzmitry and Bougares, Fethi and Schwenk, Holger and Bengio, Yoshua},
	journal={arXiv preprint arXiv:1406.1078},
	year={2014}
}

@article{zhou2019bayesian,
	title={Bayesian Low-Tubal-Rank Robust Tensor Factorization with Multi-Rank Determination.},
	author={Zhou, Y and Cheung, YM},
	journal={IEEE Trans. Pattern Anal. Mach. Intell.},
	year={2019},
	number={In Press}
}

@article{zhou2019probabilistic,
	title={Probabilistic Rank-One Tensor Analysis With Concurrent Regularizations},
	author={Zhou, Yang and Lu, Haiping and Cheung, Yiu-Ming},
	journal={IEEE Trans. Cybern.},
	year={2019},
	number={In Press}
}

@article{shi2018feature,
	title={Feature Extraction for Incomplete Data Via Low-Rank Tensor Decomposition With Feature Regularization},
	author={Shi, Qiquan and Cheung, Yiu-Ming and Zhao, Qibin and Lu, Haiping},
	journal={IEEE Trans. Neural Netw. Learn. Syst.},
	volume={30},
	number={6},
	pages={1803--1817},
	year={2018},
	publisher={IEEE}
}

@article{cichocki2016tensor,
	title={Tensor networks for dimensionality reduction and large-scale optimization: Part 1 low-rank tensor decompositions},
	author={Cichocki, Andrzej and Lee, Namgil and Oseledets, Ivan and Phan, Anh-Huy and Zhao, Qibin and Mandic, Danilo P and others},
	journal={Found. Trends{\textregistered}  Mach. Learn.},
	volume={9},
	number={4-5},
	pages={249--429},
	year={2016},
	publisher={Now Publishers, Inc.}
}