@article{bilo2022almost,
  title={Almost envy-free allocations with connected bundles},
  author={Bil{\`o}, Vittorio and Caragiannis, Ioannis and Flammini, Michele and Igarashi, Ayumi and Monaco, Gianpiero and Peters, Dominik and Vinci, Cosimo and Zwicker, William S},
  journal={Games and Economic Behavior},
  volume={131},
  pages={197--221},
  year={2022},
  publisher={Elsevier}
}

@inproceedings{brustle2019,
    author = {Brustle, Johannes and Dippel, Jack and Narayan, Vishnu V. and Suzuki, Mashbat and Vetta, Adrian},
    title = {One Dollar Each Eliminates Envy},
    year = {2020},
    booktitle = {Proceedings of the 21st ACM Conference on Economics and Computation},
    pages = {23â€“39}
}  

@article{vaish2020,
      title={On Approximate Envy-Freeness for Indivisible Chores and Mixed Resources}, 
      author={Umang Bhaskar and AR Sricharan and Rohit Vaish},
      year={2021},
      journal={arXiv preprint arXiv:2012.06788}
} 

@article{aziz2022fair,
  title={Fair allocation of indivisible goods and chores},
  author={Aziz, Haris and Caragiannis, Ioannis and Igarashi, Ayumi and Walsh, Toby},
  journal={Autonomous Agents and Multi-Agent Systems},
  volume={36},
  number={1},
  pages={1--21},
  year={2022},
  publisher={Springer}
}

@inproceedings{biswas2018,
  title={Fair Division Under Cardinality Constraints.},
  author={Biswas, Arpita and Barman, Siddharth},
  booktitle={Proceedings of the Twenty-Seventh International Joint Conference on Artificial Intelligence},
  pages={91--97},
  year={2018}
}

@article{aziz2016,
  title={Optimal reallocation under additive and ordinal preferences},
  author={Aziz, Haris and Bir{\'o}, P{\'e}ter and Lang, J{\'e}r{\^o}me and Lesca, Julien and Monnot, J{\'e}r{\^o}me},
  year={2016}
}

@article{aziz2019,
  title={Efficient reallocation under additive and responsive preferences},
  author={Aziz, Haris and Bir{\'o}, P{\'e}ter and Lang, J{\'e}r{\^o}me and Lesca, Julien and Monnot, J{\'e}r{\^o}me},
  journal={Theoretical Computer Science},
  volume={790},
  pages={1--15},
  year={2019},
  publisher={Elsevier}
}

@inproceedings{igarashi2019,
  title={Pareto-optimal allocation of indivisible goods with connectivity constraints},
  author={Igarashi, Ayumi and Peters, Dominik},
  booktitle={Proceedings of the AAAI conference on artificial intelligence},
  pages={2045--2052},
  year={2019}
}

@inproceedings{lipton2004,
  title={On approximately fair allocations of indivisible goods},
  author={Lipton, Richard J and Markakis, Evangelos and Mossel, Elchanan and Saberi, Amin},
  booktitle={Proceedings of the 5th ACM Conference on Electronic Commerce},
  pages={125--131},
  year={2004}
}

@article{brams1995,
  title={An envy-free cake division protocol},
  author={Brams, Steven J and Taylor, Alan D},
  journal={The American Mathematical Monthly},
  volume={102},
  number={1},
  pages={9--18},
  year={1995},
  publisher={Taylor \& Francis}
}

@article{aziz2015,
  title={Fair assignment of indivisible objects under ordinal preferences},
  author={Aziz, Haris and Gaspers, Serge and Mackenzie, Simon and Walsh, Toby},
  journal={Artificial Intelligence},
  volume={227},
  pages={71--92},
  year={2015},
  publisher={Elsevier}
}

@misc{bouveret2016,
  title={Fair Allocation of Indivisible Goods.},
  author={Bouveret, Sylvain and Chevaleyre, Yann and Maudet, Nicolas},
  year={2016},
  publisher={Citeseer}
}

@inproceedings{ghodsi2018,
  title={Fair allocation of indivisible goods: Improvements and generalizations},
  author={Ghodsi, Mohammad and HajiAghayi, MohammadTaghi and Seddighin, Masoud and Seddighin, Saeed and Yami, Hadi},
  booktitle={Proceedings of the 2018 ACM Conference on Economics and Computation},
  pages={539--556},
  year={2018}
}

@article{budish2011,  
  title={The combinatorial assignment problem: Approximate competitive equilibrium from equal incomes},
  author={Budish, Eric},
  journal={Journal of Political Economy},
  volume={119},
  number={6},
  pages={1061--1103},
  year={2011},
  publisher={University of Chicago Press Chicago, IL}
}

@article{caragiannis2016,
  title={The unreasonable fairness of maximum Nash welfare},
  author={Caragiannis, Ioannis and Kurokawa, David and Moulin, Herv{\'e} and Procaccia, Ariel D and Shah, Nisarg and Wang, Junxing},
  journal={ACM Transactions on Economics and Computation (TEAC)},
  volume={7},
  number={3},
  pages={1--32},
  year={2019},
  publisher={ACM New York, NY, USA}
} 

@inproceedings{Wu2020,
  title     = {Budget-feasible Maximum Nash Social Welfare is Almost Envy-free},
  author    = {Wu, Xiaowei and Li, Bo and Gan, Jiarui},
  booktitle = {Proceedings of the Thirtieth International Joint Conference on Artificial Intelligence, {IJCAI-21}},
  publisher = {International Joint Conferences on Artificial Intelligence Organization},
  editor    = {Zhi-Hua Zhou},
  pages     = {465--471},
  year      = {2021},
  month     = {8},
  note      = {Main Track},
  doi       = {10.24963/ijcai.2021/65},
  url       = {https://doi.org/10.24963/ijcai.2021/65},
}


@article{Chen2020,
  title={The fairness of leximin in allocation of indivisible chores},
  author={Chen, Xingyu and Liu, Zijie},
  journal={arXiv preprint arXiv:2005.04864},
  year={2020}
}

@article{Brczi2020,
  title={Envy-free relaxations for goods, chores, and mixed items},
  author={B{\'e}rczi, Krist{\'o}f and B{\'e}rczi-Kov{\'a}cs, Erika R and Boros, Endre and Gedefa, Fekadu Tolessa and Kamiyama, Naoyuki and Kavitha, Telikepalli and Kobayashi, Yusuke and Makino, Kazuhisa},
  journal={arXiv preprint arXiv:2006.04428},
  year={2020}
}

@article{tomer2020,
  title={Fair and truthful mechanisms for dichotomous valuations},
  author={Babaioff, Moshe and Ezra, Tomer and Feige, Uriel},
  journal={arXiv preprint arXiv:2002.10704},
  year={2020}
}

@article{Wu2021,
  title={Approximately envy-free budget-feasible allocation},
  author={Gan, Jiarui and Li, Bo and Wu, Xiaowei},
  journal={arXiv preprint arXiv:2106.14446},
  year={2021}
}

@article{Garg2021,
  title={Fair and Efficient Allocations of Chores under Bivalued Preferences},
  author={Garg, Jugal and Murhekar, Aniket and Qin, John},
  journal={arXiv preprint arXiv:2110.09601},
  year={2021}
}

@article{WELLER19855,
    title = {Fair division of a measurable space},
    journal = {Journal of Mathematical Economics},
    volume = {14},
    number = {1},
    pages = {5--17},
    year = {1985},
    author = {Dietrich Weller}
}

@article{suksompong2021constraints,
  title={Constraints in fair division},
  author={Suksompong, Warut},
  journal={ACM SIGecom Exchanges},
  volume={19},
  number={2},
  pages={46--61},
  year={2021},
  publisher={ACM New York, NY, USA}
}

@misc{ebadian2021fairly,
    title={How to Fairly Allocate Easy and Difficult Chores}, 
    author={Soroush Ebadian and Dominik Peters and Nisarg Shah},
    year={2021},
    eprint={2110.11285},
    archivePrefix={arXiv},
    primaryClass={cs.GT}
}

@book{foley1966resource,
  title={Resource allocation and the public sector},
  author={Foley, Duncan Karl},
  year={1966},
  publisher={Yale University}
}

@article{varian1973equity,
  title={Equity, envy, and efficiency},
  author={Varian, Hal R},
  year={1973},
  publisher={[Cambridge, MIT]}
}

@article{steihaus1948problem,
  title={The problem of fair division},
  author={Steihaus, Hugo},
  journal={Econometrica},
  volume={16},
  pages={101--104},
  year={1948}
}


@inproceedings{dror2021fair,
  title={On Fair Division under Heterogeneous Matroid Constraints},
  author={Dror, Amitay and Feldman, Michal and Segal-Halevi, Erel},
  booktitle={Proceedings of the AAAI Conference on Artificial Intelligence},
  pages={5312--5320},
  year={2021}
}

@book{brams1996fair,
	title={Fair Division: From cake-cutting to dispute resolution},
	author={Brams, Steven John and Taylor, Alan D},
	year={1996},
	publisher={Cambridge University Press}
}

@book{moulin2004fair,
	title={Fair division and collective welfare},
	author={Moulin, Herv{\'e}},
	year={2004},
	publisher={MIT press}
}

@book{brams2007mathematics,
	title={Mathematics and democracy: Designing better voting and fair-division procedures},
	author={Brams, Steven J},
	year={2007},
	publisher={Princeton University Press}
}

@incollection{bouveret2016fair,
	author={Bouveret, Sylvain and Chevaleyre, Yann and Maudet, Nicolas},
	editor    = {Felix Brandt and
	Vincent Conitzer and
	Ulle Endriss and
	J{\'{e}}r{\^{o}}me Lang and
	Ariel D. Procaccia},
	title     = {Fair Allocation of Indivisible Goods},
	booktitle = {Handbook of Computational Social Choice},
	pages     = {284--310},
	year      = {2016},
	publisher = {Cambridge University Press}
}


@article{aziz2020polynomial,
  title={A polynomial-time algorithm for computing a Pareto optimal and almost proportional allocation},
  author={Aziz, Haris and Moulin, Herv{\'e} and Sandomirskiy, Fedor},
  journal={Operations Research Letters},
  volume={48},
  number={5},
  pages={573--578},
  year={2020},
  publisher={Elsevier}
}

@article{hummel2021guaranteeing,
  title={Guaranteeing Half-Maximin Shares Under Cardinality Constraints},
  author={Hummel, Halvard and Hetland, Magnus Lie},
  journal={arXiv preprint arXiv:2106.07300},
  year={2021}
}


@inproceedings{mackin2016allocating,
  title={Allocating indivisible items in categorized domains},
  author={Mackin, Erika and Xia, Lirong},
  booktitle={Proceedings of the Twenty-Fifth International Joint Conference on Artificial Intelligence},
  pages={359--365},
  year={2016}
}

@inproceedings{sikdar2019mechanism,
  title={Mechanism Design for Multi-Type Housing Markets with Acceptable Bundles},
  author={Sikdar, Sujoy and Adal{\i}, Sibel and Xia, Lirong},
  booktitle={Proceedings of the AAAI Conference on Artificial Intelligence},
  pages={2165--2172},
  year={2019}
}


@article{nyman2020fair,
  title={Fair division with multiple pieces},
  author={Nyman, Kathryn and Su, Francis Edward and Zerbib, Shira},
  journal={Discrete Applied Mathematics},
  year={2020},
  volume={283},
  pages={115--122},
  keywords = {envy-free, fairness, number-of-cuts},
  notes = {arXiv preprint 1710.09477},
  publisher={Elsevier}
}


@article{gafni2021unified,
  title={Unified Fair Allocation of Goods and Chores via Copies},
  author={Gafni, Yotam and Huang, Xin and Lavi, Ron and Talgam-Cohen, Inbal},
  journal={arXiv preprint arXiv:2109.08671},
  year={2021}
}


@article{aleksandrov2019greedy,
  title={Greedy algorithms for fair division of mixed manna},
  author={Aleksandrov, Martin and Walsh, Toby},
  journal={arXiv preprint arXiv:1911.11005},
  year={2019}
}


@article{negishi1960welfare,
  title={Welfare economics and existence of an equilibrium for a competitive economy},
  author={Negishi, Takashi},
  journal={Metroeconomica},
  volume={12},
  number={2-3},
  pages={92--97},
  year={1960},
  publisher={Blackwell Publishing Ltd Oxford, UK}
}


@inproceedings{barman2018finding,
  title={Finding fair and efficient allocations},
  author={Barman, Siddharth and Krishnamurthy, Sanath Kumar and Vaish, Rohit},
  booktitle={Proceedings of the 2018 ACM Conference on Economics and Computation},
  pages={557--574},
  year={2018}
}

@inproceedings{barman2019proximity,
  title={On the proximity of markets with integral equilibria},
  author={Barman, Siddharth and Krishnamurthy, Sanath Kumar},
  booktitle={Proceedings of the AAAI Conference on Artificial Intelligence},
  volume={33},
  number={01},
  pages={1748--1755},
  year={2019}
}


@article{varian1976two,
  title={Two problems in the theory of fairness},
  author={Varian, Hal R},
  journal={Journal of Public Economics},
  volume={5},
  number={3-4},
  pages={249--260},
  year={1976},
  publisher={Elsevier}
}

@misc{https://doi.org/10.48550/arxiv.2203.07279,
  doi = {10.48550/ARXIV.2203.07279},
  url = {https://arxiv.org/abs/2203.07279},
  author = {Hosseini, Hadi and Sikdar, Sujoy and Vaish, Rohit and Xia, Lirong},
  title = {Fairly Dividing Mixtures of Goods and Chores under Lexicographic Preferences},
  publisher = {arXiv},
  year = {2022},
  copyright = {Creative Commons Attribution 4.0 International}
}

@article{fredman1987,
author = {Fredman, Michael L. and Tarjan, Robert Endre},
title = {Fibonacci Heaps and Their Uses in Improved Network Optimization Algorithms},
year = {1987},
issue_date = {July 1987},
publisher = {Association for Computing Machinery},
address = {New York, NY, USA},
volume = {34},
number = {3},
issn = {0004-5411},
url = {https://doi.org/10.1145/28869.28874},
doi = {10.1145/28869.28874},
journal = {J. ACM},
month = {jul},
pages = {596â€“615},
numpages = {20}
}

@inproceedings{Bhaskar2020,
author = {Chaudhury, Bhaskar Ray and Garg, Jugal and Mehlhorn, Kurt},
title = {EFX Exists for Three Agents},
year = {2020},
isbn = {9781450379755},
publisher = {Association for Computing Machinery},
address = {New York, NY, USA},
url = {https://doi.org/10.1145/3391403.3399511},
doi = {10.1145/3391403.3399511},
booktitle = {Proceedings of the 21st ACM Conference on Economics and Computation},
pages = {1â€“19},
numpages = {19},
keywords = {discrete fair division, EFX allocations, nash welfare},
location = {Virtual Event, Hungary},
series = {EC '20}
}



%%%% TWO AGENTS


@article{2.08.nicolo2008strategic,
  title={Strategic divide and choose},
  author={Nicol{\`o}, Antonio and Yu, Yan},
  journal={Games and Economic Behavior},
  volume={64},
  number={1},
  pages={268--289},
  year={2008},
  publisher={Elsevier}
}


@article{2.12.brams2012undercut,
  title={The undercut procedure: an algorithm for the envy-free division of indivisible items},
  author={Brams, Steven J and Kilgour, D Marc and Klamler, Christian},
  journal={Social Choice and Welfare},
  volume={39},
  number={2},
  pages={615--631},
  year={2012},
  publisher={Springer}
}


@article{2.14.brams2014two,
  title={Two-person fair division of indivisible items: An efficient, envy-free algorithm},
  author={Brams, Steven J and Kilgour, Marc and Klamler, Christian},
  journal={Notices of the AMS},
  volume={61},
  number={2},
  pages={130--141},
  year={2014}
}

@article{2.15.aziz2015note,
  title={A note on the undercut procedure},
  author={Aziz, Haris},
  journal={Social Choice and Welfare},
  volume={45},
  number={4},
  pages={723--728},
  year={2015},
  publisher={Springer}
}


@article{2.18.kilgour2018two,
  title={Two-player fair division of indivisible items: Comparison of algorithms},
  author={Kilgour, D Marc and Vetschera, Rudolf},
  journal={European Journal of Operational Research},
  volume={271},
  number={2},
  pages={620--631},
  year={2018},
  publisher={Elsevier}
}


@article{2.17.nicolo2017divide,
  title={Divide and compromise},
  author={Nicol{\`o}, Antonio and Velez, Rodrigo A},
  journal={Mathematical Social Sciences},
  volume={90},
  pages={100--110},
  year={2017},
  publisher={Elsevier}
}

@article{2.22.tucker2022playing,
  title={Playing Divide-and-Choose Given Uncertain Preferences},
  author={Tucker-Foltz, Jamie and Zeckhauser, Richard},
  journal={arXiv preprint arXiv:2207.03076},
  year={2022}
}


@article{garg2022improving,
  title={Improving Fairness and Efficiency Guarantees for Allocating Indivisible Chores},
  author={Garg, Jugal and Murhekar, Aniket and Qin, John},
  journal={arXiv preprint arXiv:2212.02440},
  year={2022}
}

@inproceedings{garg2022fair,
  title={Fair and efficient allocations of chores under bivalued preferences},
  author={Garg, Jugal and Murhekar, Aniket and Qin, John},
  booktitle={Proceedings of the AAAI Conference on Artificial Intelligence},
  volume={36},
  number={5},
  pages={5043--5050},
  year={2022}
}

@article{shoshan2022efficient,
  title={Efficient nearly-fair division with capacity constraints},
  author={Shoshan, Hila and Segal-Halevi, Erel and Hazon, Noam},
  journal={arXiv preprint arXiv:2205.07779},
  year={2022}
}


