@inproceedings{stern2019multi,
  title={Multi-agent pathfinding: Definitions, variants, and benchmarks},
  author={Stern, Roni and Sturtevant, Nathan and Felner, Ariel and Koenig, Sven and Ma, Hang and Walker, Thayne and Li, Jiaoyang and Atzmon, Dor and Cohen, Liron and Kumar, TK and others},
  booktitle={Proceedings of the International Symposium on Combinatorial Search},
  volume={10},
  number={1},
  pages={151--158},
  year={2019}
}

@article{wurman2008coordinating,
  title={Coordinating hundreds of cooperative, autonomous vehicles in warehouses},
  author={Wurman, Peter R and D'Andrea, Raffaello and Mountz, Mick},
  journal={AI magazine},
  volume={29},
  number={1},
  pages={9--9},
  year={2008}
}

@inproceedings{veloso2015cobots,
  title={Cobots: Robust symbiotic autonomous mobile service robots},
  author={Veloso, Manuela and Biswas, Joydeep and Coltin, Brian and Rosenthal, Stephanie},
  booktitle={Twenty-fourth international joint conference on artificial intelligence},
  year={2015},
  organization={Citeseer}
}

@article{stern2019overiew,
  title={Multi-agent path finding--an overview},
  author={Stern, Roni},
  journal={Artificial Intelligence: 5th RAAI Summer School, Dolgoprudny, Russia, July 4--7, 2019, Tutorial Lectures},
  pages={96--115},
  year={2019},
  publisher={Springer}
}

@article{sharon2015conflict,
  title={Conflict-based search for optimal multi-agent pathfinding},
  author={Sharon, Guni and Stern, Roni and Felner, Ariel and Sturtevant, Nathan R},
  journal={Artificial Intelligence},
  volume={219},
  pages={40--66},
  year={2015},
  publisher={Elsevier}
}

@inproceedings{standley2010finding,
  title={Finding optimal solutions to cooperative pathfinding problems},
  author={Standley, Trevor},
  booktitle={Proceedings of the AAAI Conference on Artificial Intelligence},
  volume={24},
  number={1},
  pages={173--178},
  year={2010}
}

% PP
@inproceedings{silver2005cooperative,
  title={Cooperative pathfinding},
  author={Silver, David},
  booktitle={Proceedings of the aaai conference on artificial intelligence and interactive digital entertainment},
  volume={1},
  number={1},
  pages={117--122},
  year={2005}
}

% PP with randomized priorities
@inproceedings{bennewitz2001optimizing,
  title={Optimizing schedules for prioritized path planning of multi-robot systems},
  author={Bennewitz, Maren and Burgard, Wolfram and Thrun, Sebastian},
  booktitle={Proceedings 2001 ICRA. IEEE International Conference on Robotics and Automation (Cat. No. 01CH37164)},
  volume={1},
  pages={271--276},
  year={2001},
  organization={IEEE}
}

%SIPP
@inproceedings{phillips2011sipp,
  title={Sipp: Safe interval path planning for dynamic environments},
  author={Phillips, Mike and Likhachev, Maxim},
  booktitle={2011 IEEE international conference on robotics and automation},
  pages={5628--5635},
  year={2011},
  organization={IEEE}
}

@article{shahar2021safe,
  title={Safe multi-agent pathfinding with time uncertainty},
  author={Shahar, Tomer and Shekhar, Shashank and Atzmon, Dor and Saffidine, Abdallah and Juba, Brendan and Stern, Roni},
  journal={Journal of Artificial Intelligence Research},
  volume={70},
  pages={923--954},
  year={2021}
}

@inproceedings{levy2022online,
  title={An Online Approach for Multi-Agent Path Finding Under Movement Uncertainty},
  author={Levy, Elad and Shani, Guy and Stern, Roni},
  booktitle={Proceedings of the International Symposium on Combinatorial Search},
  volume={15},
  number={1},
  pages={299--301},
  year={2022}
}

@inproceedings{honig2016multi,
  title={Multi-agent path finding with kinematic constraints},
  author={H{\"o}nig, Wolfgang and Kumar, TK and Cohen, Liron and Ma, Hang and Xu, Hong and Ayanian, Nora and Koenig, Sven},
  booktitle={Proceedings of the International Conference on Automated Planning and Scheduling},
  volume={26},
  pages={477--485},
  year={2016}
}

@inproceedings{wagner2017path,
  title={Path planning for multiple agents under uncertainty},
  author={Wagner, Glenn and Choset, Howie},
  booktitle={Proceedings of the International Conference on Automated Planning and Scheduling},
  volume={27},
  pages={577--585},
  year={2017}
}

@inproceedings{atzmon2020probabilistic,
  title={Probabilistic robust multi-agent path finding},
  author={Atzmon, Dor and Stern, Roni and Felner, Ariel and Sturtevant, Nathan R and Koenig, Sven},
  booktitle={Proceedings of the International Conference on Automated Planning and Scheduling},
  volume={30},
  pages={29--37},
  year={2020}
}

@inproceedings{shofer2023multi,
  title={Multi Agent Path Finding Under Obstacle Uncertainty},
  author={Shofer, Bar and Shani, Guy and Stern, Roni},
  booktitle={Proceedings of the International Conference on Automated Planning and Scheduling},
  volume={33},
  number={1},
  pages={402--410},
  year={2023}
}

@inproceedings{vsvancara2019online,
  title={Online multi-agent pathfinding},
  author={{\v{S}}vancara, Ji{\v{r}}{\'\i} and Vlk, Marek and Stern, Roni and Atzmon, Dor and Bart{\'a}k, Roman},
  booktitle={Proceedings of the AAAI conference on artificial intelligence},
  volume={33},
  number={01},
  pages={7732--7739},
  year={2019}
}

@article{zhang2013k,
  title={The k-Canadian travelers problem with communication},
  author={Zhang, Huili and Xu, Yinfeng and Qin, Lan},
  journal={Journal of Combinatorial Optimization},
  volume={26},
  pages={251--265},
  year={2013},
  publisher={Springer}
}

@article{shiri2017online,
  title={On the online multi-agent O--D k-Canadian Traveler Problem},
  author={Shiri, Davood and Salman, F Sibel},
  journal={Journal of Combinatorial Optimization},
  volume={34},
  pages={453--461},
  year={2017},
  publisher={Springer}
}
@article{shiri2019randomized,
  title={On the randomized online strategies for the k-Canadian traveler problem},
  author={Shiri, Davood and Salman, F Sibel},
  journal={Journal of Combinatorial Optimization},
  volume={38},
  number={1},
  pages={254--267},
  year={2019},
  publisher={Springer}
}

@article{queffelec2021planning,
  title={Planning for connected agents in a partially known environment},
  author={Queffelec, Arthur and Sankur, Ocan and Schwarzentruber, Fran{\c{c}}ois},
  journal={Vertex},
  volume={3},
  number={4},
  pages={5},
  year={2021}
}

@article{queffelec2023complexity,
  title={Complexity of planning for connected agents in a partially known environment},
  author={Queffelec, Arthur and Sankur, Ocan and Schwarzentruber, Fran{\c{c}}ois},
  journal={Theoretical Computer Science},
  volume={941},
  pages={202--220},
  year={2023},
  publisher={Elsevier}
}
@inproceedings{kshirsagar2018survey,
  title={A survey of implementation of multi-robot simultaneous localization and mapping},
  author={Kshirsagar, Jaydeep and Shue, Sam and Conrad, James M},
  booktitle={SoutheastCon 2018},
  pages={1--7},
  year={2018},
  organization={IEEE}
}
@inproceedings{burgard2000collaborative,
  title={Collaborative multi-robot exploration},
  author={Burgard, Wolfram and Moors, Mark and Fox, Dieter and Simmons, Reid and Thrun, Sebastian},
  booktitle={Proceedings 2000 ICRA. Millennium Conference. IEEE International Conference on Robotics and Automation. Symposia Proceedings (Cat. No. 00CH37065)},
  volume={1},
  pages={476--481},
  year={2000},
  organization={IEEE}
}
@inproceedings{abdulgalil2019multi,
  title={Multi-robot SLAM: An overview and quantitative evaluation of MRGS ROS framework for MR-SLAM},
  author={Abdulgalil, Mahmoud A and Nasr, Mahmoud M and Elalfy, Mohamed H and Khamis, Alaa and Karray, Fakhri},
  booktitle={Robot Intelligence Technology and Applications 5: Results from the 5th International Conference on Robot Intelligence Technology and Applications 5},
  pages={165--183},
  year={2019},
  organization={Springer}
}


@inproceedings{boyarski2021iterative,
  title={Iterative-deepening conflict-based search},
  author={Boyarski, Eli and Felner, Ariel and Harabor, Daniel and Stuckey, Peter J and Cohen, Liron and Li, Jiaoyang and Koenig, Sven},
  booktitle={International Conference on International Joint Conferences on Artificial Intelligence (IJCAI)},
  pages={4084--4090},
  year={2021}
}


@article{li2021lifelong, 
    title={Lifelong Multi-Agent Path Finding in Large-Scale Warehouses}, 
    volume={35}, 
    journal={AAAI Conference on Artificial Intelligence}, 
    author={Li, Jiaoyang and Tinka, Andrew and Kiesel, Scott and Durham, Joseph W. and Kumar, T. K. Satish and Koenig, Sven}, 
    year={2021}
}

@inproceedings{koenig2002d,
  title={D* lite},
  author={Koenig, Sven and Likhachev, Maxim},
  booktitle={Eighteenth national conference on Artificial intelligence},
  pages={476--483},
  year={2002}
}

@article{koenig2004lifelong,
  title={Lifelong planning A*},
  author={Koenig, Sven and Likhachev, Maxim and Furcy, David},
  journal={Artificial Intelligence},
  volume={155},
  number={1-2},
  pages={93--146},
  year={2004},
  publisher={Elsevier}
}