% Use this file for citations not found in the ACL Anthology (contained in "anthology.bib").

@inproceedings{DBLP:conf/aaai/Zhou0M021,
  author       = {Wenxuan Zhou and
                  Kevin Huang and
                  Tengyu Ma and
                  Jing Huang},
  title        = {Document-Level Relation Extraction with Adaptive Thresholding and
                  Localized Context Pooling},
  booktitle    = {{AAAI}},
  pages        = {14612--14620},
  year         = {2021},
}

@inproceedings{DBLP:conf/aaai/XuCZ21,
  author       = {Wang Xu and
                  Kehai Chen and
                  Tiejun Zhao},
  title        = {Document-Level Relation Extraction with Reconstruction},
  booktitle    = {{AAAI}},
  pages        = {14167--14175},
  year         = {2021},
}

@inproceedings{DBLP:conf/aaai/XuWLZM21,
  author       = {Benfeng Xu and
                  Quan Wang and
                  Yajuan Lyu and
                  Yong Zhu and
                  Zhendong Mao},
  title        = {Entity Structure Within and Throughout: Modeling Mention Dependencies
                  for Document-Level Relation Extraction},
  booktitle    = {{AAAI}},
  pages        = {14149--14157},
  year         = {2021},
}

@inproceedings{DBLP:conf/ijcai/ZhangCXDTCHSC21,
  author       = {Ningyu Zhang and
                  Xiang Chen and
                  Xin Xie and
                  Shumin Deng and
                  Chuanqi Tan and
                  Mosha Chen and
                  Fei Huang and
                  Luo Si and
                  Huajun Chen},
  title        = {Document-level Relation Extraction as Semantic Segmentation},
  booktitle    = {{IJCAI}},
  pages        = {3999--4006},
  year         = {2021},
}

@inproceedings{DBLP:conf/ijcai/ZhouL22,
  author       = {Yang Zhou and
                  Wee Sun Lee},
  title        = {None Class Ranking Loss for Document-Level Relation Extraction},
  booktitle    = {{IJCAI}},
  pages        = {4538--4544},
  year         = {2022},
}

@inproceedings{DBLP:conf/ijcai/LiL03,
  author       = {Xiaoli Li and
                  Bing Liu},
  title        = {Learning to Classify Texts Using Positive and Unlabeled Data},
  booktitle    = {{IJCAI}},
  pages        = {587--594},
  year         = {2003},
}

@inproceedings{DBLP:conf/ijcai/TangPZZZH022,
  author       = {Zhenwei Tang and
                  Shichao Pei and
                  Zhao Zhang and
                  Yongchun Zhu and
                  Fuzhen Zhuang and
                  Robert Hoehndorf and
                  Xiangliang Zhang},
  title        = {Positive-Unlabeled Learning with Adversarial Data Augmentation for
                  Knowledge Graph Completion},
  booktitle    = {{IJCAI}},
  pages        = {2248--2254},
  year         = {2022},
}

@inproceedings{DBLP:conf/aaai/HeC0ZWZ20,
  author       = {Zhengqiu He and
                  Wenliang Chen and
                  Yuyi Wang and
                  Wei Zhang and
                  Guanchun Wang and
                  Min Zhang},
  title        = {Improving Neural Relation Extraction with Positive and Unlabeled Learning},
  booktitle    = {{AAAI}},
  pages        = {7927--7934},
  year         = {2020},
}

@inproceedings{DBLP:conf/kdd/ElkanN08,
  author       = {Charles Elkan and
                  Keith Noto},
  title        = {Learning classifiers from only positive and unlabeled data},
  booktitle    = {{SIGKDD}},
  pages        = {213--220},
  year         = {2008},
}

@inproceedings{DBLP:conf/nips/PlessisNS14,
  author       = {Marthinus Christoffel du Plessis and
                  Gang Niu and
                  Masashi Sugiyama},
  title        = {Analysis of Learning from Positive and Unlabeled Data},
  booktitle    = {{NeurIPS}},
  pages        = {703--711},
  year         = {2014},
}

@inproceedings{DBLP:conf/icml/PlessisNS15,
  author       = {Marthinus Christoffel du Plessis and
                  Gang Niu and
                  Masashi Sugiyama},
  title        = {Convex Formulation for Learning from Positive and Unlabeled Data},
  booktitle    = {{ICML}},
  volume       = {37},
  pages        = {1386--1394},
  year         = {2015},
}

@inproceedings{DBLP:conf/nips/KiryoNPS17,
  author       = {Ryuichi Kiryo and
                  Gang Niu and
                  Marthinus Christoffel du Plessis and
                  Masashi Sugiyama},
  title        = {Positive-Unlabeled Learning with Non-Negative Risk Estimator},
  booktitle    = {{NeurIPS}},
  pages        = {1675--1685},
  year         = {2017},
}

@inproceedings{DBLP:conf/nips/GargWSBL21,
  author       = {Saurabh Garg and
                  Yifan Wu and
                  Alexander J. Smola and
                  Sivaraman Balakrishnan and
                  Zachary C. Lipton},
  title        = {Mixture Proportion Estimation and {PU} Learning: {A} Modern Approach},
  booktitle    = {{NeurIPS}},
  pages        = {8532--8544},
  year         = {2021},
}

@inproceedings{DBLP:conf/nips/ChuangRL0J20,
  author       = {Ching{-}Yao Chuang and
                  Joshua Robinson and
                  Yen{-}Chen Lin and
                  Antonio Torralba and
                  Stefanie Jegelka},
  title        = {Debiased Contrastive Learning},
  booktitle    = {{NeurIPS}},
  year         = {2020},
}

@inproceedings{DBLP:conf/iccv/QianSSHTLJ19,
  author       = {Qi Qian and
                  Lei Shang and
                  Baigui Sun and
                  Juhua Hu and
                  Tacoma Tacoma and
                  Hao Li and
                  Rong Jin},
  title        = {SoftTriple Loss: Deep Metric Learning Without Triplet Sampling},
  booktitle    = {{ICCV}},
  pages        = {6449--6457},
  year         = {2019},
}

@article{DBLP:journals/nar/DavisGJSWWM21,
  author       = {Allan Peter Davis and
                  Cynthia J. Grondin and
                  Robin J. Johnson and
                  Daniela Sciaky and
                  Jolene Wiegers and
                  Thomas C. Wiegers and
                  Carolyn J. Mattingly},
  title        = {Comparative Toxicogenomics Database {(CTD):} update 2021},
  journal      = {Nucleic Acids Res.},
  pages        = {D1138--D1143},
  year         = {2021},
}

@article{DBLP:journals/corr/abs-1907-11692,
  author       = {Yinhan Liu and
                  Myle Ott and
                  Naman Goyal and
                  Jingfei Du and
                  Mandar Joshi and
                  Danqi Chen and
                  Omer Levy and
                  Mike Lewis and
                  Luke Zettlemoyer and
                  Veselin Stoyanov},
  title        = {RoBERTa: {A} Robustly Optimized {BERT} Pretraining Approach},
  journal      = {CoRR},
  volume       = {abs/1907.11692},
  year         = {2019},
}

@article{DBLP:journals/health/GuTCLULNGP22,
  author       = {Yu Gu and
                  Robert Tinn and
                  Hao Cheng and
                  Michael Lucas and
                  Naoto Usuyama and
                  Xiaodong Liu and
                  Tristan Naumann and
                  Jianfeng Gao and
                  Hoifung Poon},
  title        = {Domain-Specific Language Model Pretraining for Biomedical Natural
                  Language Processing},
  journal      = {{ACM} Trans. Comput. Heal.},
  pages        = {2:1--2:23},
  year         = {2022},
}

@inproceedings{DBLP:conf/iclr/LoshchilovH19,
  author       = {Ilya Loshchilov and
                  Frank Hutter},
  title        = {Decoupled Weight Decay Regularization},
  booktitle    = {{ICLR}},
  year         = {2019},
}

@article{DBLP:journals/corr/GoyalDGNWKTJH17,
  author       = {Priya Goyal and
                  Piotr Doll{\'{a}}r and
                  Ross B. Girshick and
                  Pieter Noordhuis and
                  Lukasz Wesolowski and
                  Aapo Kyrola and
                  Andrew Tulloch and
                  Yangqing Jia and
                  Kaiming He},
  title        = {Accurate, Large Minibatch {SGD:} Training ImageNet in 1 Hour},
  journal      = {CoRR},
  volume       = {abs/1706.02677},
  year         = {2017},
}

@inproceedings{DBLP:conf/cvpr/HadsellCL06,
  author       = {Raia Hadsell and
                  Sumit Chopra and
                  Yann LeCun},
  title        = {Dimensionality Reduction by Learning an Invariant Mapping},
  booktitle    = {{(CVPR}},
  pages        = {1735--1742},
  year         = {2006},
}

@inproceedings{DBLP:conf/cvpr/SchroffKP15,
  author       = {Florian Schroff and
                  Dmitry Kalenichenko and
                  James Philbin},
  title        = {FaceNet: {A} unified embedding for face recognition and clustering},
  booktitle    = {{CVPR}},
  pages        = {815--823},
  year         = {2015},
}

@inproceedings{DBLP:conf/nips/Sohn16,
  author       = {Kihyuk Sohn},
  title        = {Improved Deep Metric Learning with Multi-class N-pair Loss Objective},
  booktitle    = {{NeurIPS}},
  pages        = {1849--1857},
  year         = {2016},
}

@inproceedings{DBLP:conf/cvpr/WangHHDS19,
  author       = {Xun Wang and
                  Xintong Han and
                  Weilin Huang and
                  Dengke Dong and
                  Matthew R. Scott},
  title        = {Multi-Similarity Loss With General Pair Weighting for Deep Metric
                  Learning},
  booktitle    = {{CVPR}},
  pages        = {5022--5030},
  year         = {2019},
}

@inproceedings{DBLP:conf/iccv/Movshovitz-Attias17,
  author       = {Yair Movshovitz{-}Attias and
                  Alexander Toshev and
                  Thomas K. Leung and
                  Sergey Ioffe and
                  Saurabh Singh},
  title        = {No Fuss Distance Metric Learning Using Proxies},
  booktitle    = {{ICCV}},
  pages        = {360--368},
  year         = {2017},
}

@inproceedings{DBLP:conf/mm/WangXCY17,
  author       = {Feng Wang and
                  Xiang Xiang and
                  Jian Cheng and
                  Alan Loddon Yuille},
  title        = {NormFace: L\({}_{\mbox{2}}\) Hypersphere Embedding for Face Verification},
  booktitle    = {{ACM} {MM}},
  pages        = {1041--1049},
  year         = {2017},
}

@article{DBLP:journals/jbd/ShortenK19,
  author       = {Connor Shorten and
                  Taghi M. Khoshgoftaar},
  title        = {A survey on Image Data Augmentation for Deep Learning},
  journal      = {J. Big Data},
  pages        = {60},
  year         = {2019},
}

@inproceedings{DBLP:conf/iclr/ZhangCDL18,
  author       = {Hongyi Zhang and
                  Moustapha Ciss{\'{e}} and
                  Yann N. Dauphin and
                  David Lopez{-}Paz},
  title        = {mixup: Beyond Empirical Risk Minimization},
  booktitle    = {{ICLR}},
  year         = {2018},
}

@inproceedings{DBLP:conf/icml/VermaLBNMLB19,
  author       = {Vikas Verma and
                  Alex Lamb and
                  Christopher Beckham and
                  Amir Najafi and
                  Ioannis Mitliagkas and
                  David Lopez{-}Paz and
                  Yoshua Bengio},
  title        = {Manifold Mixup: Better Representations by Interpolating Hidden States},
  booktitle    = {{ICML}},
  pages        = {6438--6447},
  year         = {2019},
}

@misc{ma2019nlpaug,
  author={Edward Ma},
  year={2019},
  title={NLP Augmentation},
  howpublished = {\url{https://github.com/makcedward/nlpaug}},
  note = {Accessed: 2023-12-27}
}

@inproceedings{DBLP:conf/nips/ChenLWZW20,
  author       = {Hui Chen and
                  Fangqing Liu and
                  Yin Wang and
                  Liyue Zhao and
                  Hao Wu},
  title        = {A Variational Approach for Learning from Positive and Unlabeled Data},
  booktitle    = {{NeurIPS}},
  year         = {2020},
}

@article{DBLP:journals/corr/abs-2004-09388,
  author       = {Tong Wei and
                  Feng Shi and
                  Hai Wang and
                  Wei{-}Wei Tu and
                  Yu{-}Feng Li},
  title        = {MixPUL: Consistency-based Augmentation for Positive and Unlabeled
                  Learning},
  journal      = {CoRR},
  volume       = {abs/2004.09388},
  year         = {2020},
}

@inproceedings{DBLP:conf/cvpr/ZhaoXJWH22,
  author       = {Yunrui Zhao and
                  Qianqian Xu and
                  Yangbangyan Jiang and
                  Peisong Wen and
                  Qingming Huang},
  title        = {Dist-PU: Positive-Unlabeled Learning from a Label Distribution Perspective},
  booktitle    = {{CVPR}},
  pages        = {14441--14450},
  year         = {2022},
}

@inproceedings{DBLP:conf/iclr/LiLFO22,
  author       = {Changchun Li and
                  Ximing Li and
                  Lei Feng and
                  Jihong Ouyang},
  title        = {Who Is Your Right Mixup Partner in Positive and Unlabeled Learning},
  booktitle    = {{ICLR}},
  year         = {2022},
}

@article{DBLP:journals/jmlr/SrivastavaHKSS14,
  author       = {Nitish Srivastava and
                  Geoffrey E. Hinton and
                  Alex Krizhevsky and
                  Ilya Sutskever and
                  Ruslan Salakhutdinov},
  title        = {Dropout: a simple way to prevent neural networks from overfitting},
  journal      = {J. Mach. Learn. Res.},
  pages        = {1929--1958},
  year         = {2014},
}

@inproceedings{miranda2021overview,
  title={Overview of DrugProt BioCreative VII track: quality evaluation and large scale text mining of drug-gene/protein relations},
  author={Miranda, Antonio and Mehryary, Farrokh and Luoma, Jouni and Pyysalo, Sampo and Valencia, Alfonso and Krallinger, Martin},
  booktitle={Proceedings of the seventh BioCreative challenge evaluation workshop},
  year={2021}
}

@inproceedings{DBLP:conf/acl/MiwaB16,
  author       = {Makoto Miwa and
                  Mohit Bansal},
  title        = {End-to-End Relation Extraction using LSTMs on Sequences and Tree Structures},
  booktitle    = {{ACL}},
  year         = {2016},
}

@inproceedings{DBLP:conf/emnlp/Zhang0M18,
  author       = {Yuhao Zhang and
                  Peng Qi and
                  Christopher D. Manning},
  title        = {Graph Convolution over Pruned Dependency Trees Improves Relation Extraction},
  booktitle    = {{EMNLP}},
  pages        = {2205--2215},
  year         = {2018},
}

@inproceedings{DBLP:conf/acl/YaoYLHLLLHZS19,
  author       = {Yuan Yao and
                  Deming Ye and
                  Peng Li and
                  Xu Han and
                  Yankai Lin and
                  Zhenghao Liu and
                  Zhiyuan Liu and
                  Lixin Huang and
                  Jie Zhou and
                  Maosong Sun},
  title        = {DocRED: {A} Large-Scale Document-Level Relation Extraction Dataset},
  booktitle    = {{ACL}},
  pages        = {764--777},
  year         = {2019},
}

@inproceedings{DBLP:conf/naacl/XuCMZ22,
  author       = {Wang Xu and
                  Kehai Chen and
                  Lili Mou and
                  Tiejun Zhao},
  title        = {Document-Level Relation Extraction with Sentences Importance Estimation
                  and Focusing},
  booktitle    = {{NAACL-HLT}},
  pages        = {2920--2929},
  year         = {2022},
}

@inproceedings{DBLP:conf/naacl/YuYT22,
  author       = {Jiaxin Yu and
                  Deqing Yang and
                  Shuyu Tian},
  title        = {Relation-Specific Attentions over Entity Mentions for Enhanced Document-Level
                  Relation Extraction},
  booktitle    = {{NAACL-HLT}},
  pages        = {1523--1529},
  year         = {2022},
}

@inproceedings{DBLP:conf/acl/HuangH0ZF022,
  author       = {Quzhe Huang and
                  Shibo Hao and
                  Yuan Ye and
                  Shengqi Zhu and
                  Yansong Feng and
                  Dongyan Zhao},
  title        = {Does Recommend-Revise Produce Reliable Annotations? An Analysis on
                  Missing Instances in DocRED},
  booktitle    = {{ACL}},
  pages        = {6241--6252},
  year         = {2022},
}

@inproceedings{DBLP:conf/emnlp/Tan0BNA22,
  author       = {Qingyu Tan and
                  Lu Xu and
                  Lidong Bing and
                  Hwee Tou Ng and
                  Sharifah Mahani Aljunied},
  title        = {Revisiting DocRED - Addressing the False Negative Problem in Relation
                  Extraction},
  booktitle    = {{EMNLP}},
  pages        = {8472--8487},
  year         = {2022},
}

@inproceedings{DBLP:conf/emnlp/WangLHZ22,
  author       = {Ye Wang and
                  Xinxin Liu and
                  Wenxin Hu and
                  Tao Zhang},
  title        = {A Unified Positive-Unlabeled Learning Framework for Document-Level
                  Relation Extraction with Different Levels of Labeling},
  booktitle    = {{EMNLP}},
  pages        = {4123--4135},
  year         = {2022},
}

@inproceedings{DBLP:conf/emnlp/GaoYC21,
  author       = {Tianyu Gao and
                  Xingcheng Yao and
                  Danqi Chen},
  title        = {SimCSE: Simple Contrastive Learning of Sentence Embeddings},
  booktitle    = {{EMNLP}},
  pages        = {6894--6910},
  year         = {2021},
}

@inproceedings{DBLP:conf/lrec/ZhangMTM22,
  author       = {Dongxu Zhang and
                  Sunil Mohan and
                  Michaela Torkar and
                  Andrew McCallum},
  title        = {A Distant Supervision Corpus for Extracting Biomedical Relationships
                  Between Chemicals, Diseases and Genes},
  booktitle    = {{LREC}},
  pages        = {1073--1082},
  year         = {2022},
}

@inproceedings{DBLP:conf/emnlp/WolfDSCDMCRLFDS20,
  author       = {Thomas Wolf and
                  Lysandre Debut and
                  Victor Sanh and
                  Julien Chaumond and
                  Clement Delangue and
                  Anthony Moi and
                  Pierric Cistac and
                  Tim Rault and
                  R{\'{e}}mi Louf and
                  Morgan Funtowicz and
                  Joe Davison and
                  Sam Shleifer and
                  Patrick von Platen and
                  Clara Ma and
                  Yacine Jernite and
                  Julien Plu and
                  Canwen Xu and
                  Teven Le Scao and
                  Sylvain Gugger and
                  Mariama Drame and
                  Quentin Lhoest and
                  Alexander M. Rush},
  title        = {Transformers: State-of-the-Art Natural Language Processing},
  booktitle    = {{EMNLP}-Demos},
  pages        = {38--45},
  year         = {2020},
}

@inproceedings{DBLP:conf/naacl/DevlinCLT19,
  author       = {Jacob Devlin and
                  Ming{-}Wei Chang and
                  Kenton Lee and
                  Kristina Toutanova},
  title        = {{BERT:} Pre-training of Deep Bidirectional Transformers for Language
                  Understanding},
  booktitle    = {{NAACL-HLT}},
  pages        = {4171--4186},
  year         = {2019},
}

@inproceedings{DBLP:conf/naacl/VergaSM18,
  author       = {Patrick Verga and
                  Emma Strubell and
                  Andrew McCallum},
  title        = {Simultaneously Self-Attending to All Mentions for Full-Abstract Biological
                  Relation Extraction},
  booktitle    = {{NAACL-HLT}},
  pages        = {872--884},
  year         = {2018},
}

@inproceedings{DBLP:conf/emnlp/ZengXCL20,
  author       = {Shuang Zeng and
                  Runxin Xu and
                  Baobao Chang and
                  Lei Li},
  title        = {Double Graph Based Reasoning for Document-level Relation Extraction},
  booktitle    = {{EMNLP}},
  pages        = {1630--1640},
  year         = {2020},
}

@inproceedings{DBLP:conf/acl/NanGSL20,
  author       = {Guoshun Nan and
                  Zhijiang Guo and
                  Ivan Sekulic and
                  Wei Lu},
  title        = {Reasoning with Latent Structure Refinement for Document-Level Relation
                  Extraction},
  booktitle    = {{ACL}},
  pages        = {1546--1557},
  year         = {2020},
}

@inproceedings{DBLP:conf/acl/ZengWC21,
  author       = {Shuang Zeng and
                  Yuting Wu and
                  Baobao Chang},
  title        = {{SIRE:} Separate Intra- and Inter-sentential Reasoning for Document-level
                  Relation Extraction},
  booktitle    = {{ACL-IJCNLP} (Findings)},
  pages        = {524--534},
  year         = {2021},
}

@inproceedings{DBLP:conf/acl/TanHBN22,
  author       = {Qingyu Tan and
                  Ruidan He and
                  Lidong Bing and
                  Hwee Tou Ng},
  title        = {Document-Level Relation Extraction with Adaptive Focal Loss and Knowledge
                  Distillation},
  booktitle    = {{ACL} (Findings)},
  pages        = {1672--1681},
  year         = {2022},
}

@inproceedings{DBLP:conf/emnlp/CaoLERMH21,
  author       = {Lele Cao and
                  Emil Larsson and
                  Vilhelm von Ehrenheim and
                  Dhiana Deva Cavalcanti Rocha and
                  Anna Martin and
                  Sonja Horn},
  title        = {{PAUSE:} Positive and Annealed Unlabeled Sentence Embedding},
  booktitle    = {{EMNLP}},
  pages        = {10096--10107},
  year         = {2021},
}

@inproceedings{DBLP:conf/acl/PengXZFH19,
  author       = {Minlong Peng and
                  Xiaoyu Xing and
                  Qi Zhang and
                  Jinlan Fu and
                  Xuanjing Huang},
  title        = {Distantly Supervised Named Entity Recognition using Positive-Unlabeled
                  Learning},
  booktitle    = {{ACL}},
  pages        = {2409--2419},
  year         = {2019},
}

@inproceedings{DBLP:conf/acl/ZhouLL22,
  author       = {Kang Zhou and
                  Yuepei Li and
                  Qi Li},
  title        = {Distantly Supervised Named Entity Recognition via Confidence-Based
                  Multi-Class Positive and Unlabeled Learning},
  booktitle    = {{ACL}},
  pages        = {7198--7211},
  year         = {2022},
}

@inproceedings{DBLP:conf/naacl/HedderichLASK21,
  author       = {Michael A. Hedderich and
                  Lukas Lange and
                  Heike Adel and
                  Jannik Str{\"{o}}tgen and
                  Dietrich Klakow},
  title        = {A Survey on Recent Approaches for Natural Language Processing in Low-Resource
                  Scenarios},
  booktitle    = {{NAACL-HLT}},
  pages        = {2545--2568},
  year         = {2021},
}

@inproceedings{DBLP:conf/emnlp/WeiZ19,
  author       = {Jason W. Wei and
                  Kai Zou},
  title        = {{EDA:} Easy Data Augmentation Techniques for Boosting Performance
                  on Text Classification Tasks},
  booktitle    = {{EMNLP-IJCNLP}},
  pages        = {6381--6387},
  year         = {2019},
}

@inproceedings{DBLP:conf/acl/LeeKLH20,
  author       = {Seanie Lee and
                  Minki Kang and
                  Juho Lee and
                  Sung Ju Hwang},
  title        = {Learning to Perturb Word Embeddings for Out-of-distribution {QA}},
  booktitle    = {{ACL-IJCNLP}},
  pages        = {5583--5595},
  year         = {2021},
}

@inproceedings{DBLP:conf/acl/ChenYY20,
  author       = {Jiaao Chen and
                  Zichao Yang and
                  Diyi Yang},
  title        = {MixText: Linguistically-Informed Interpolation of Hidden Space for
                  Semi-Supervised Text Classification},
  booktitle    = {{ACL}},
  pages        = {2147--2157},
  year         = {2020},
}

@inproceedings{DBLP:conf/acl/YinWQX21,
  author       = {Wenpeng Yin and
                  Huan Wang and
                  Jin Qu and
                  Caiming Xiong},
  title        = {BatchMixup: Improving Training by Interpolating Hidden States of the
                  Entire Mini-batch},
  booktitle    = {{ACL-IJCNLP} (Findings)},
  pages        = {4908--4912},
  year         = {2021},
}

@inproceedings{DBLP:conf/naacl/WuX0ZMXZ22,
  author       = {Linzhi Wu and
                  Pengjun Xie and
                  Jie Zhou and
                  Meishan Zhang and
                  Chunping Ma and
                  Guangwei Xu and
                  Min Zhang},
  title        = {Robust Self-Augmentation for Named Entity Recognition with Meta Reweighting},
  booktitle    = {{NAACL-HLT}},
  pages        = {4049--4060},
  year         = {2022},
}

@inproceedings{DBLP:conf/acl/JeongBCHP22,
  author       = {Soyeong Jeong and
                  Jinheon Baek and
                  Sukmin Cho and
                  Sung Ju Hwang and
                  Jong C. Park},
  title        = {Augmenting Document Representations for Dense Retrieval with Interpolation
                  and Perturbation},
  booktitle    = {{ACL}},
  pages        = {442--452},
  year         = {2022},
}

@inproceedings{DBLP:conf/coling/LiYSXXZ20,
  author       = {Bo Li and
                  Wei Ye and
                  Zhonghao Sheng and
                  Rui Xie and
                  Xiangyu Xi and
                  Shikun Zhang},
  title        = {Graph Enhanced Dual Attention Network for Document-Level Relation
                  Extraction},
  booktitle    = {{COLING}},
  pages        = {1551--1560},
  year         = {2020},
}