%%%%%%%%%%%%% Ad hoc agents
@inproceedings{barrett2014communicating,
  title={Communicating with unknown teammates},
  author={Barrett, Samuel and Agmon, Noa and Hazon, Noam and Kraus, Sarit and Stone, Peter},
  booktitle={AAMAS},
  pages={1433--1434},
  year={2014}
}

@article{albrecht2018autonomous,
  title={Autonomous agents modelling other agents: A comprehensive survey and open problems},
  author={Albrecht, Stefano V and Stone, Peter},
  journal={Artificial Intelligence},
  volume={258},
  pages={66--95},
  year={2018},
  publisher={Elsevier}
}

@inproceedings{stone2010ad,
  title={Ad hoc autonomous agent teams: Collaboration without pre-coordination},
  author={Stone, Peter and Kaminka, Gal A and Kraus, Sarit and Rosenschein, Jeffrey S},
  booktitle={AAAI},
  year={2010}
}

@inproceedings{albrecht2017reasoning,
  title={Reasoning about hypothetical agent behaviours and their parameters},
  author={Albrecht, Stefano V and Stone, Peter},
  booktitle={AAMAS},
  pages={547--555},
  year={2017}
}

@inproceedings{ravula2019ad,
  title={Ad hoc teamwork with behavior switching agents},
  author={Ravula, Manish and Alkoby, Shani and Stone, Peter},
  booktitle={IJCAI},
  year={2019}
 }
 
  @article{stone2013teaching,
  title={Teaching and leading an ad hoc teammate: Collaboration without pre-coordination},
  author={Stone, Peter and Kaminka, Gal A and Kraus, Sarit and Rosenschein, Jeffrey S and Agmon, Noa},
  journal={Artificial Intelligence},
  volume={203},
  pages={35--65},
  year={2013},
  publisher={Elsevier}
}

@inproceedings{agmon2012leading,
  title={Leading ad hoc agents in joint action settings with multiple teammates},
  author={Agmon, Noa and Stone, Peter},
  booktitle={AAMAS},
  pages={341--348},
  year={2012}
}

@article{stone2000multiagent,
  title={Multiagent systems: A survey from a machine learning perspective},
  author={Stone, Peter and Veloso, Manuela},
  journal={Autonomous Robots},
  volume={8},
  number={3},
  pages={345--383},
  year={2000},
  publisher={Springer}
}

%%%%%%%%%%%%%  Reinforcement learning
@article{thomaz2008teachable,
  title={Teachable robots: Understanding human teaching behavior to build more effective robot learners},
  author={Thomaz, Andrea L and Breazeal, Cynthia},
  journal={Artificial Intelligence},
  volume={172},
  number={6-7},
  pages={716--737},
  year={2008},
  publisher={Elsevier}
}

@inproceedings{knox2010combining,
  title={Combining manual feedback with subsequent MDP reward signals for reinforcement learning},
  author={Knox, W Bradley and Stone, Peter},
  booktitle={AAMAS},
  pages={5--12},
  year={2010}
}

@inproceedings{griffith2013policy,
  title={Policy shaping: Integrating human feedback with reinforcement learning},
  author={Griffith, Shane and Subramanian, Kaushik and Scholz, Jonathan and Isbell, Charles L and Thomaz, Andrea L},
  booktitle={NIPS},
  pages={2625--2633},
  year={2013}
}

@inproceedings{hadfield2016cooperative,
  title={Cooperative inverse reinforcement learning},
  author={Hadfield-Menell, Dylan and Russell, Stuart J and Abbeel, Pieter and Dragan, Anca},
  booktitle={Advances in neural information processing systems},
  pages={3909--3917},
  year={2016}
}

@article{ross2014reinforcement,
  title={Reinforcement and imitation learning via interactive no-regret learning},
  author={Ross, Stephane and Bagnell, J Andrew},
  journal={arXiv preprint arXiv:1406.5979},
  year={2014}
}

@article{amir2016interactive,
  title={Interactive teaching strategies for agent training},
  author={Amir, Ofra and Kamar, Ece and Kolobov, Andrey and Grosz, Barbara},
  journal={IJCAI},
  year={2016}
}

@inproceedings{torrey2013teaching,
  title={Teaching on a budget: Agents advising agents in reinforcement learning},
  author={Torrey, Lisa and Taylor, Matthew},
  booktitle={AAMAS},
  pages={1053--1060},
  year={2013}
}

@inproceedings{sun2017deeply,
  title={Deeply aggrevated: Differentiable imitation learning for sequential prediction},
  author={Sun, Wen and Venkatraman, Arun and Gordon, Geoffrey J and Boots, Byron and Bagnell, J Andrew},
  booktitle={Proceedings of the 34th International Conference on Machine Learning-Volume 70},
  pages={3309--3318},
  year={2017}
}

@phdthesis{clouse1997integrating,
    title    = {On integrating apprentice learning and reinforcement learning.},
    school   = {MIT},
    author   = {Clouse, Jeffery A},
    year     = {1997}
}

@inproceedings{epshteyn2008active,
  title={Active reinforcement learning},
  author={Epshteyn, Arkady and Vogel, Adam and DeJong, Gerald},
  booktitle={Proceedings of ICML},
  pages={296--303},
  year={2008},
  organization={ACM}
}

@inproceedings{lowe2017multi,
  title={Multi-agent actor-critic for mixed cooperative-competitive environments},
  author={Lowe, Ryan and Wu, Yi and Tamar, Aviv and Harb, Jean and Abbeel, Pieter and Mordatch, Igor},
  booktitle={NeurIPS},
  pages={6379--6390},
  year={2017}
}

@article{Kapourchali,
author = {Kapourchali, Masoumeh Heidari and Banerjee, Bonny},
pages = {537--552},
title = {{Learning Environmental States via Communication}},
journal={Seventh Annual Conference on Advances in Cognitive Systems, MIT},
year = {2019}
}

@article{kapourchali2019state,
  title={State Estimation via Communication for Monitoring},
  author={Kapourchali, Masoumeh Heidari and Banerjee, Bonny},
  journal={IEEE Transactions on Emerging Topics in Computational Intelligence},
  year={2019},
  publisher={IEEE}
}

@inproceedings{chakraborty2017coordinated,
  title={Coordinated vs. Decentralized Exploration In Multi-Agent Multi-Armed Bandits.},
  author={Chakraborty, Mithun and Chua, Kai Yee Phoebe and Das, Sanmay and Juba, Brendan},
  booktitle={IJCAI},
  pages={164--170},
  year={2017}
}

@article{hernandez2019survey,
  title={A survey and critique of multiagent deep reinforcement learning},
  author={Hernandez-Leal, Pablo and Kartal, Bilal and Taylor, Matthew E},
  journal={AAMAS},
  pages={1--48},
  year={2019},
  publisher={Springer}
}

@inproceedings{foerster2016learning,
  title={Learning to communicate with deep multi-agent reinforcement learning},
  author={Foerster, Jakob and Assael, Ioannis Alexandros and de Freitas, Nando and Whiteson, Shimon},
  booktitle={NIPS},
  pages={2137--2145},
  year={2016}
}

@article{bellemare2013arcade,
  title={The arcade learning environment: An evaluation platform for general agents},
  author={Bellemare, Marc G and Naddaf, Yavar and Veness, Joel and Bowling, Michael},
  journal={Journal of Artificial Intelligence Research},
  volume={47},
  pages={253--279},
  year={2013}
}

@inproceedings{mordatch2018emergence,
  title={Emergence of grounded compositional language in multi-agent populations},
  author={Mordatch, Igor and Abbeel, Pieter},
  booktitle={AAAI},
  year={2018}
}

@article{devin2019plan,
  title={Plan Arithmetic: Compositional Plan Vectors for Multi-Task Control},
  author={Devin, Coline and Geng, Daniel and Abbeel, Pieter and Darrell, Trevor and Levine, Sergey},
  journal={arXiv preprint arXiv:1910.14033},
  year={2019}
}

%%%%%%%%%%%%% Plan Recognition and planning
@inproceedings{kautz1986generalized,
  title={Generalized Plan Recognition.},
  author={Kautz, Henry A and Allen, James F},
  booktitle={AAAI},
  year={1986}
}

@article{mirsky2018sequential,
  title={Sequential plan recognition: An iterative approach to disambiguating between hypotheses},
  author={Mirsky, Reuth and Stern, Roni and Gal, Kobi and Kalech, Meir},
  journal={Artificial Intelligence},
  volume={260},
  pages={51--73},
  year={2018},
  publisher={Elsevier}
}

@inproceedings{bisson2011provoking,
  title={Provoking opponents to facilitate the recognition of their intentions},
  author={Bisson, Francis and Kabanza, Froduald and Benaskeur, Abder Rezak and Irandoust, Hengameh},
  booktitle={AAAI},
  year={2011}
}

@inproceedings{kulkarni2019unified,
  title={A unified framework for planning in adversarial and cooperative environments},
  author={Kulkarni, Anagha and Srivastava, Siddharth and Kambhampati, Subbarao},
  booktitle={AAAI},
  year={2019}
}

@article{kamar2013modeling,
  title={Modeling information exchange opportunities for effective human--computer teamwork},
  author={Kamar, Ece and Gal, Ya ºakov Kobi and Grosz, Barbara J},
  journal={Artificial Intelligence},
  volume={195},
  pages={528--550},
  year={2013},
  publisher={Elsevier}
}

@inproceedings{keren2014goal,
  title={Goal recognition design},
  author={Keren, Sarah and Gal, Avigdor and Karpas, Erez},
  booktitle={ICAPS},
  year={2014}
}

@inproceedings{wayllace2017new,
  title={New Metrics and Algorithms for Stochastic Goal Recognition Design Problems.},
  author={Wayllace, Christabel and Hou, Ping and Yeoh, William},
  booktitle={IJCAI},
  pages={4455--4462},
  year={2017}
}

%%%%% Communicating agents
@book{norvig2002modern,
  title={A modern approach},
  author={Norvig, P Russel and Intelligence, S Artificial},
  year={2002},
  publisher={Prentice Hall}
}

@article{singh1998agent,
  title={Agent communication languages: Rethinking the principles},
  author={Singh, Munindar P},
  journal={Computer},
  volume={31},
  number={12},
  pages={40--47},
  year={1998},
  publisher={IEEE}
}

@article{cohen1997team,
  title={On team formation},
  author={Cohen, Philip R and Levesque, Hector J and Smith, Ira A},
  journal={Synthese Library},
  pages={87--114},
  year={1997},
  publisher={KLUWER ACADEMIC PUBLISHERS GROUP}
}

@article{labrou1999agent,
  title={Agent communication languages: The current landscape},
  author={Labrou, Yannis and Finin, Tim and Peng, Yun},
  journal={IEEE Intelligent Systems and Their Applications},
  volume={14},
  number={2},
  pages={45--52},
  year={1999},
  publisher={IEEE}
}

@inproceedings{cohen1990performatives,
  title={Performatives in a rationally based speech act theory},
  author={Cohen, Philip R and Levesque, Hector J},
  booktitle={Proceedings of the 28th annual meeting on Association for Computational Linguistics},
  pages={79--88},
  year={1990},
  organization={Association for Computational Linguistics}
}


@article{shoham1993agent,
  title={Agent-oriented programming},
  author={Shoham, Yoav},
  journal={Artificial intelligence},
  volume={60},
  number={1},
  pages={51--92},
  year={1993},
  publisher={Elsevier}
}

@article{kuhn2016extensive,
  title={Extensive games and the problem op information},
  author={Kuhn, H},
  journal={InH. KuhnandA. Tucker, editors, Contributions to the Theory of Games},
  pages={193--216},
  year={2016}
}


@article{howard1966information,
  title={Information value theory},
  author={Howard, Ronald A},
  journal={IEEE Transactions on systems science and cybernetics},
  year={1966},
  publisher={IEEE}
}

@article{decker1987distributed,
  title={Distributed problem-solving techniques: A survey},
  author={Decker, Keith S},
  journal={IEEE transactions on systems, man, and cybernetics},
  volume={17},
  number={5},
  pages={729--740},
  year={1987},
  publisher={IEEE}
}

%%%%%%%%%% Interactive POMDPs
@inproceedings{gmytrasiewicz2004interactive,
  title={Interactive pomdps: Properties and preliminary results},
  author={Gmytrasiewicz, Piotr J and Doshi, Prashant},
  booktitle={International Conference on Autonomous Agents: Proceedings of the Third International Joint Conference on Autonomous Agents and Multiagent Systems-},
  volume={3},
  pages={1374--1375},
  year={2004}
}

@inproceedings{chen2016pomdp,
  title={POMDP-lite for robust robot planning under uncertainty},
  author={Chen, Min and Frazzoli, Emilio and Hsu, David and Lee, Wee Sun},
  booktitle={2016 IEEE International Conference on Robotics and Automation (ICRA)},
  pages={5427--5433},
  year={2016},
  organization={IEEE}
}

%%%%% Collaborative and communicative agents
@article{pynadath2002communicative,
  title={The communicative multiagent team decision problem: Analyzing teamwork theories and models},
  author={Pynadath, David V and Tambe, Milind},
  journal={Journal of artificial intelligence research},
  volume={16},
  pages={389--423},
  year={2002}
}


@incollection{grosz1999evolution,
  title={The evolution of SharedPlans},
  author={Grosz, Barbara J and Kraus, Sarit},
  booktitle={Foundations of rational agency},
  pages={227--262},
  year={1999},
  publisher={Springer}
}

@article{dorigo2000ant,
  title={Ant algorithms and stigmergy},
  author={Dorigo, Marco and Bonabeau, Eric and Theraulaz, Guy},
  journal={Future Generation Computer Systems},
  volume={16},
  number={8},
  pages={851--871},
  year={2000},
  publisher={Elsevier}
}

@inproceedings{cakmak2012designing,
  title={Designing robot learners that ask good questions},
  author={Cakmak, Maya and Thomaz, Andrea L},
  booktitle={ACM/IEEE international conference on Human-Robot Interaction},
  year={2012}
}

@article{shannon1948mathematical,
  title={A mathematical theory of communication},
  author={Shannon, Claude Elwood},
  journal={Bell system technical journal},
  volume={27},
  number={3},
  pages={379--423},
  year={1948},
  publisher={Wiley Online Library}
}


@incollection{roth2006communicate,
  title={What to communicate? Execution-time decision in multi-agent POMDPs},
  author={Roth, Maayan and Simmons, Reid and Veloso, Manuela},
  booktitle={Distributed Autonomous Robotic Systems 7},
  pages={177--186},
  year={2006},
  publisher={Springer}
}

@inproceedings{fern2007decision,
  title={A Decision-Theoretic Model of Assistance.},
  author={Fern, Alan and Natarajan, Sriraam and Judah, Kshitij and Tadepalli, Prasad},
  booktitle={IJCAI},
  pages={1879--1884},
  year={2007}
}

@inproceedings{shvo2020active,
  title={Active Goal Recognition},
  author={Shvo, Maayan and McIlraith, Sheila A},
  booktitle={AAAI},
  year={2020}
}

@article{alderson2010contrasting,
  title={Contrasting views of complexity and their implications for network-centric infrastructures},
  author={Alderson, David L and Doyle, John C},
  journal={IEEE Transactions on systems, man, and cybernetics-Part A: Systems and humans},
  volume={40},
  number={4},
  pages={839--852},
  year={2010},
  publisher={IEEE}
}

@article{wang2020too,
  title={Too many cooks: Coordinating multi-agent collaboration through inverse planning},
  author={Wang, Rose E and Wu, Sarah A and Evans, James A and Tenenbaum, Joshua B and Parkes, David C and Kleiman-Weiner, Max},
  journal={AAMAS},
  year={2020}
}

@article{goldman2004decentralized,
  title={Decentralized control of cooperative systems: Categorization and complexity analysis},
  author={Goldman, Claudia V and Zilberstein, Shlomo},
  journal={Journal of artificial intelligence research},
  volume={22},
  pages={143--174},
  year={2004}
}


@article{mirskypenny,
  title={A Penny for Your Thoughts: The Value of Communication in Ad Hoc Teamwork},
  author={Mirsky, Reuth and Macke, William and Wang, Andy and Yedidsion, Harel and Stone, Peter},
  journal={International Joint Conference on Artificial Intelligence (IJCAI)},
  year={2020}
}

@inproceedings{van2020learning,
  title={Learning to Communicate Proactively in Human-Agent Teaming},
  author={van Zoelen, Emma M and Cremers, Anita and Dignum, Frank PM and van Diggelen, Jurriaan and Peeters, Marieke M},
  booktitle={International Conference on Practical Applications of Agents and Multi-Agent Systems},
  pages={238--249},
  year={2020},
  organization={Springer}
}

@inproceedings{muise2015planning,
  title={Planning over multi-agent epistemic states: A classical planning approach},
  author={Muise, Christian and Belle, Vaishak and Felli, Paolo and McIlraith, Sheila and Miller, Tim and Pearce, Adrian R and Sonenberg, Liz},
  booktitle={Twenty-Ninth AAAI Conference on Artificial Intelligence},
  year={2015}
}

@inproceedings{pita2008deployed,
  title={Deployed ARMOR protection: the application of a game theoretic model for security at the Los Angeles International Airport},
  author={Pita, James and Jain, Manish and Marecki, Janusz and Ord{\'o}{\~n}ez, Fernando and Portway, Christopher and Tambe, Milind and Western, Craig and Paruchuri, Praveen and Kraus, Sarit},
  booktitle={Proceedings of the 7th international joint conference on Autonomous agents and multiagent systems: industrial track},
  pages={125--132},
  year={2008}
}



@article{bellman1966dynamic,
  title={Dynamic programming},
  author={Bellman, Richard},
  journal={Science},
  volume={153},
  number={3731},
  pages={34--37},
  year={1966},
  publisher={American Association for the Advancement of Science}
}

@inproceedings{cui2018active,
  title={Active reward learning from critiques},
  author={Cui, Yuchen and Niekum, Scott},
  booktitle={2018 IEEE International Conference on Robotics and Automation (ICRA)},
  pages={6907--6914},
  year={2018},
  organization={IEEE}
}

@software{john_forrest_2018_1317566,
  author       = {John Forrest and
                  Ted Ralphs and
                  Stefan Vigerske and
                  LouHafer and
                  Bjarni Kristjansson and
                  jpfasano and
                  EdwinStraver and
                  Miles Lubin and
                  Haroldo Gambini Santos and
                  rlougee and
                  Matthew Saltzman},
  title        = {coin-or/Cbc: Version 2.9.9},
  month        = jul,
  year         = 2018,
  publisher    = {Zenodo},
  version      = {releases/2.9.9},
  doi          = {10.5281/zenodo.1317566},
  url          = {https://doi.org/10.5281/zenodo.1317566}
}

@misc{openai_gym,
  Author = {Greg Brockman and Vicki Cheung and Ludwig Pettersson and Jonas Schneider and John Schulman and Jie Tang and Wojciech Zaremba},
  Title = {OpenAI Gym},
  Year = {2016},
  Eprint = {arXiv:1606.01540},
}

@inproceedings{MackeDMAP,
  title={Query Content in Sequential One-shot Multi-Agent Limited Inquires when Communicating in Ad Hoc Teamwork},
  author={Macke, W. and Mirsky, R. and Stone, P.},
  booktitle={Workshop on Distributed and Multi-Agent Planning (DMAP) at the International Conference on Automated Planning and Scheduling (ICAPS)},
  year={2020}
}

@article{macke2021expected,
      title={Expected Value of Communication for Planning in Ad Hoc Teamwork}, 
      author={William Macke and Reuth Mirsky and Peter Stone},
      year={2021},
      journal={arXiv preprint arXiv:2103.01171},
      note={\url{https://arxiv.org/abs/2103.01171}}
}