
@inproceedings{stern2019multi,
  title={Multi-agent pathfinding: Definitions, variants, and benchmarks},
  author={Stern, Roni and Sturtevant, Nathan R and Felner, Ariel and Koenig, Sven and Ma, Hang and Walker, Thayne T and Li, Jiaoyang and Atzmon, Dor and Cohen, Liron and Kumar, TK Satish and others},
  booktitle={Twelfth Annual Symposium on Combinatorial Search},
  year={2019}
}

@inproceedings{hoffmann2005contingent,
  title={Contingent planning via heuristic forward search with implicit belief states},
  author={Hoffmann, J{\"o}rg and Brafman, Ronen},
  booktitle={Proc. ICAPS},
  volume={2005},
  pages={71--80},
  year={2005}
}


@inproceedings{simmons1995probabilistic,
  author    = {Reid G. Simmons and
               Sven Koenig},
  title     = {Probabilistic Robot Navigation in Partially Observable Environments},
  booktitle = {International Joint Conference on Artificial
               Intelligence ({IJCAI})},
  pages     = {1080--1087},
  year      = {1995}
}


@inproceedings{standley2010finding,
  title={Finding optimal solutions to cooperative pathfinding problems},
  author={Standley, Trevor},
  booktitle={Proceedings of the AAAI Conference on Artificial Intelligence},
  volume={24},
  number={1},
  pages={173--178},
  year={2010}
}

@inproceedings{lenser2003visual,
  title={Visual sonar: Fast obstacle avoidance using monocular vision},
  author={Lenser, Scott and Veloso, Manuela},
  booktitle={Proceedings 2003 IEEE/RSJ International Conference on Intelligent Robots and Systems (IROS 2003)(Cat. No. 03CH37453)},
  volume={1},
  pages={886--891},
  year={2003},
  organization={IEEE}
}

@inproceedings{albore2009translation,
  title={A translation-based approach to contingent planning},
  author={Albore, Alexandre and Palacios, H{\'e}ctor and Geffner, Hector},
  booktitle={Twenty-First International Joint Conference on Artificial Intelligence},
  year={2009}
}

@article{shmaryahu2019comparative,
  title={Comparative criteria for partially observable contingent planning},
  author={Shmaryahu, Dorin and Shani, Guy and Hoffmann, J{\"o}rg},
  journal={Autonomous Agents and Multi-Agent Systems},
  volume={33},
  number={5},
  pages={481--517},
  year={2019},
  publisher={Springer}
}

@article{MaliahKS21,
  author    = {Shlomi Maliah and
               Radimir Komarnitsky and
               Guy Shani},
  title     = {Computing Contingent Plan Graphs using Online Planning},
  journal   = {{ACM} Trans. Auton. Adapt. Syst.},
  volume    = {16},
  number    = {1},
  pages     = {1:1--1:30},
  year      = {2021}
}

@article{BrafmanS12,
  author    = {Ronen I. Brafman and Guy Shani},
  title     = {Replanning in Domains with Partial Information and Sensing Actions},
  journal   = {J. Artif. Intell. Res.},
  volume    = {45},
  pages     = {565--600},
  year  = {2012}
}

@inproceedings{muise2014computing,
  title={Computing contingent plans via fully observable non-deterministic planning},
  author={Muise, Christian and Belle, Vaishak and McIlraith, Sheila},
  booktitle={Proceedings of the AAAI Conference on Artificial Intelligence},
  volume={28},
  number={1},
  year={2014}
}

@inproceedings{bonet2011planning,
  title={Planning under partial observability by classical replanning: Theory and experiments},
  author={Bonet, Blai and Geffner, Hector},
  booktitle={Twenty-Second International Joint Conference on Artificial Intelligence},
  year={2011}
}

@inproceedings{bazinin2018iterative,
  title={Iterative planning for deterministic QDec-POMDPs},
  author={Bazinin, Sagi and Shani, Guy},
  booktitle={GCAI},
  pages={15--28},
  year={2018}
}
@inproceedings{brafman2013qualitative,
  title={Qualitative planning under partial observability in multi-agent domains},
  author={Brafman, Ronen and Shani, Guy and Zilberstein, Shlomo},
  booktitle={Twenty-Seventh AAAI Conference on Artificial Intelligence},
  year={2013}
}




@article{deadends,
  title={Unavoidable Deadends in Deterministic Partially Observable Contingent Planning},
  author={Shttland, Lera and Shmaryahu, Dorin and Brafman, Ronen and Shani, Guy},
  journal={Autonomous Agents and Multi-Agent Systems},
  volume={??},
  number={??},
  pages={??},
  year={2022},
  publisher={Springer}
}

@article{sharon2015conflict,
  title={Conflict-based search for optimal multi-agent pathfinding},
  author={Sharon, Guni and Stern, Roni and Felner, Ariel and Sturtevant, Nathan R},
  journal={Artificial Intelligence},
  volume={219},
  pages={40--66},
  year={2015},
  publisher={Elsevier}
}

@article{shahar2021safe,
  title={Safe multi-agent pathfinding with time uncertainty},
  author={Shahar, Tomer and Shekhar, Shashank and Atzmon, Dor and Saffidine, Abdallah and Juba, Brendan and Stern, Roni},
  journal={Journal of Artificial Intelligence Research},
  volume={70},
  pages={923--954},
  year={2021}
}


@inproceedings{bnaya2009canadian,
  title={Canadian Traveler Problem with Remote Sensing.},
  author={Bnaya, Zahy and Felner, Ariel and Shimony, Solomon Eyal},
  booktitle={IJCAI},
  pages={437--442},
  year={2009}
}

@article{papadimitriou1991shortest,
  title={Shortest paths without a map},
  author={Papadimitriou, Christos H and Yannakakis, Mihalis},
  journal={Theoretical Computer Science},
  volume={84},
  number={1},
  pages={127--150},
  year={1991}
}

@inproceedings{levy2022online,
  title={An Online Approach for Multi-Agent Path Finding Under Movement Uncertainty},
  author={Levy, Elad and Shani, Guy and Stern, Roni},
  booktitle={International Symposium on Combinatorial Search (SoCS)},
  volume={15},
  number={1},
  pages={299--301},
  year={2022}
}

@article{atzmon2020robust,
  title={Robust multi-agent path finding and executing},
  author={Atzmon, Dor and Stern, Roni and Felner, Ariel and Wagner, Glenn and Bart{\'a}k, Roman and Zhou, Neng-Fa},
  journal={Journal of Artificial Intelligence Research},
  volume={67},
  pages={549--579},
  year={2020}
}

@inproceedings{atzmon2020probabilistic,
  author    = {Dor Atzmon and
               Roni Stern and
               Ariel Felner and
               Nathan R. Sturtevant and
               Sven Koenig},
  title     = {Probabilistic Robust Multi-Agent Path Finding},
  booktitle = {International Conference on Automated
               Planning and Scheduling (ICAPS)},
  pages     = {29--37},
  year      = {2020}}
}



@inproceedings{honig2016multi,
  title={Multi-Agent Path Finding with Kinematic Constraints},
  author={H{\"o}nig, Wolfgang and Kumar, TK Satish and Cohen, Liron and Ma, Hang and Xu, Hong and Ayanian, Nora and Koenig, Sven},
  booktitle={the International Conference on Automated Planning and Scheduling ({ICAPS})},
  pages={477--485},
  year={2016}
}


@inproceedings{honig2017summary,
  title={Summary: multi-agent path finding with kinematic constraints},
  author={H{\"o}nig, Wolfgang and Kumar, TK and Cohen, Liron and Ma, Hang and Xu, Hong and Ayanian, Nora and Koenig, Sven},
  booktitle={International Joint Conference on Artificial Intelligence ({IJCAI})},
  pages={4869--4873},
  year={2017}
}

@inproceedings{wagner2017path,
  author    = {Glenn Wagner and
               Howie Choset},
  title     = {Path Planning for Multiple Agents under Uncertainty},
  booktitle = {the  International Conference on Automated Planning and Scheduling ({ICAPS})},
  pages     = {577--585},
  year      = {2017}
}


@inproceedings{li2020new,
  title={New techniques for pairwise symmetry breaking in multi-agent path finding},
  author={Li, Jiaoyang and Gange, Graeme and Harabor, Daniel and Stuckey, Peter J and Ma, Hang and Koenig, Sven},
  booktitle={International Conference on Automated Planning and Scheduling (ICAPS)},
  volume={30},
  pages={193--201},
  year={2020}
}