@misc{nashville-gov-website,
  author = {{DEC Nashville}},
  title = {{Metro} Nashville/Davidson County Government Website},
  howpublished = {\url{https://hub.nashville.gov/}},
  note = {Accessed on 2023-08-08}
}

@article{nbc-ems-shortage,
  author = {{NBC News}}, 
  title = {EMS services warn of crippling labor shortage undermining 911 system},
  journal = {NBC News},
  year = {2022},
  url = {https://www.nbcnews.com/news/us-news/ems-services-warn-crippling-labor-shortage-undermining-911-system-rcna2677},
  urldate = {2023-08-08}
}

@article{sun2020applications,
  title={Applications of artificial intelligence for disaster management},
  author={Sun, Wenjuan and Bocchini, Paolo and Davison, Brian D},
  journal={Natural Hazards},
  volume={103},
  number={3},
  pages={2631--2689},
  year={2020},
  publisher={Springer}
}

@article{wex2014emergency,
  title={Emergency response in natural disaster management: Allocation and scheduling of rescue units},
  author={Wex, Felix and Schryen, Guido and Feuerriegel, Stefan and Neumann, Dirk},
  journal={European Journal of Operational Research},
  volume={235},
  number={3},
  pages={697--708},
  year={2014},
  publisher={Elsevier}
}

@article{manoj2007communication,
  title={Communication challenges in emergency response},
  author={Manoj, Balakrishan S and Baker, Alexandra Hubenko},
  journal={Communications of the ACM},
  volume={50},
  number={3},
  pages={51--53},
  year={2007},
  publisher={ACM New York, NY, USA}
}

@article{perry2003preparedness,
  title={Preparedness for emergency response: guidelines for the emergency planning process},
  author={Perry, Ronald W and Lindell, Michael K},
  journal={Disasters},
  volume={27},
  number={4},
  pages={336--350},
  year={2003},
  publisher={Wiley Online Library}
}

@article{chen2008coordination,
  title={Coordination in emergency response management},
  author={Chen, Rui and Sharman, Raj and Rao, H Raghav and Upadhyaya, Shambhu J},
  journal={Communications of the ACM},
  volume={51},
  number={5},
  pages={66--73},
  year={2008},
  publisher={ACM New York, NY, USA}
}

@article{al2019smart,
  title={Smart hospital emergency system: Via mobile-based requesting services},
  author={Al-Khafajiy, Mohammed and Kolivand, Hoshang and Baker, Thar and Tully, David and Waraich, Atif},
  journal={Multimedia Tools and Applications},
  volume={78},
  pages={20087--20111},
  year={2019},
  publisher={Springer}
}

@inproceedings{blancou2016ecall,
  title={eCall++: An enhanced emergency call system for improved road safety},
  author={Blancou, Jon and Almeida, Joao and Fernandes, Bruno and Silva, Lu{\'\i}s and Alam, Muhammad and Fonseca, Jos{\'e} and Ferreira, Joaquim},
  booktitle={2016 IEEE Vehicular Networking Conference (VNC)},
  pages={1--8},
  year={2016},
  organization={IEEE}
}

@article{luo2022critical,
  title={A critical review of state-of-the-art chatbot designs and applications},
  author={Luo, Bei and Lau, Raymond YK and Li, Chunping and Si, Yain-Whar},
  journal={Wiley Interdisciplinary Reviews: Data Mining and Knowledge Discovery},
  volume={12},
  number={1},
  pages={e1434},
  year={2022},
  publisher={Wiley Online Library}
}

@article{kowsari2019text,
  title={Text classification algorithms: A survey},
  author={Kowsari, Kamran and Jafari Meimandi, Kiana and Heidarysafa, Mojtaba and Mendu, Sanjana and Barnes, Laura and Brown, Donald},
  journal={Information},
  volume={10},
  number={4},
  pages={150},
  year={2019},
  publisher={Multidisciplinary Digital Publishing Institute}
}

@article{mironczuk2018recent,
  title={A recent overview of the state-of-the-art elements of text classification},
  author={Miro{\'n}czuk, Marcin Micha{\l} and Protasiewicz, Jaros{\l}aw},
  journal={Expert Systems with Applications},
  volume={106},
  pages={36--54},
  year={2018},
  publisher={Elsevier}
}

@article{minaee2021deep,
  title={Deep learning--based text classification: a comprehensive review},
  author={Minaee, Shervin and Kalchbrenner, Nal and Cambria, Erik and Nikzad, Narjes and Chenaghlu, Meysam and Gao, Jianfeng},
  journal={ACM computing surveys (CSUR)},
  volume={54},
  number={3},
  pages={1--40},
  year={2021},
  publisher={ACM New York, NY, USA}
}

@article{aggarwal2012survey,
  title={A survey of text classification algorithms},
  author={Aggarwal, Charu C and Zhai, ChengXiang},
  journal={Mining text data},
  pages={163--222},
  year={2012},
  publisher={Springer}
}

@article{sanh2019distilbert,
  title={DistilBERT, a distilled version of BERT: smaller, faster, cheaper and lighter},
  author={Sanh, Victor and Debut, Lysandre and Chaumond, Julien and Wolf, Thomas},
  journal={arXiv preprint arXiv:1910.01108},
  year={2019}
}

@article{devlin2018bert,
  title={Bert: Pre-training of deep bidirectional transformers for language understanding},
  author={Devlin, Jacob and Chang, Ming-Wei and Lee, Kenton and Toutanova, Kristina},
  journal={arXiv preprint arXiv:1810.04805},
  year={2018}
}

@article{rajpurkar2016squad,
  title={Squad: 100,000+ questions for machine comprehension of text},
  author={Rajpurkar, Pranav and Zhang, Jian and Lopyrev, Konstantin and Liang, Percy},
  journal={arXiv preprint arXiv:1606.05250},
  year={2016}
}

@article{kaur2022trustworthy,
  title={Trustworthy artificial intelligence: a review},
  author={Kaur, Davinder and Uslu, Suleyman and Rittichier, Kaley J and Durresi, Arjan},
  journal={ACM Computing Surveys (CSUR)},
  volume={55},
  number={2},
  pages={1--38},
  year={2022},
  publisher={ACM New York, NY}
}

@article{seshia2022toward,
  title={Toward verified artificial intelligence},
  author={Seshia, Sanjit A and Sadigh, Dorsa and Sastry, S Shankar},
  journal={Communications of the ACM},
  volume={65},
  number={7},
  pages={46--55},
  year={2022},
  publisher={ACM New York, NY, USA}
}

@article{allam2012question,
  title={The question answering systems: A survey},
  author={Allam, Ali Mohamed Nabil and Haggag, Mohamed Hassan},
  journal={International Journal of Research and Reviews in Information Sciences (IJRRIS)},
  volume={2},
  number={3},
  year={2012}
}

@article{hirschman2001natural,
  title={Natural language question answering: the view from here},
  author={Hirschman, Lynette and Gaizauskas, Robert},
  journal={natural language engineering},
  volume={7},
  number={4},
  pages={275--300},
  year={2001},
  publisher={Cambridge University Press}
}

@article{diefenbach2018core,
  title={Core techniques of question answering systems over knowledge bases: a survey},
  author={Diefenbach, Dennis and Lopez, Vanessa and Singh, Kamal and Maret, Pierre},
  journal={Knowledge and Information systems},
  volume={55},
  pages={529--569},
  year={2018},
  publisher={Springer}
}

@article{chipman2022mbart,
  title={mBART: multidimensional monotone BART},
  author={Chipman, Hugh A and George, Edward I and McCulloch, Robert E and Shively, Thomas S},
  journal={Bayesian Analysis},
  volume={17},
  number={2},
  pages={515--544},
  year={2022},
  publisher={International Society for Bayesian Analysis}
}

@article{brown2020language,
  title={Language models are few-shot learners},
  author={Brown, Tom and Mann, Benjamin and Ryder, Nick and Subbiah, Melanie and Kaplan, Jared D and Dhariwal, Prafulla and Neelakantan, Arvind and Shyam, Pranav and Sastry, Girish and Askell, Amanda and others},
  journal={Advances in neural information processing systems},
  volume={33},
  pages={1877--1901},
  year={2020}
}

@article{ouyang2022training,
  title={Training language models to follow instructions with human feedback},
  author={Ouyang, Long and Wu, Jeffrey and Jiang, Xu and Almeida, Diogo and Wainwright, Carroll and Mishkin, Pamela and Zhang, Chong and Agarwal, Sandhini and Slama, Katarina and Ray, Alex and others},
  journal={Advances in Neural Information Processing Systems},
  volume={35},
  pages={27730--27744},
  year={2022}
}

@misc{claude2_2023,
  title = {Claude2},
  howpublished = {\url{https://www.anthropic.com}}, 
  note = {Accessed: 2023-08-03},
  author = {Anthropic},
  year={2023}
}

@inproceedings{poggi2017quantitative,
  title={Quantitative evaluation of confidence measures in a machine learning world},
  author={Poggi, Matteo and Tosi, Fabio and Mattoccia, Stefano},
  booktitle={Proceedings of the IEEE International Conference on Computer Vision},
  pages={5228--5237},
  year={2017}
}

@article{hullermeier2021aleatoric,
  title={Aleatoric and epistemic uncertainty in machine learning: An introduction to concepts and methods},
  author={H{\"u}llermeier, Eyke and Waegeman, Willem},
  journal={Machine Learning},
  volume={110},
  pages={457--506},
  year={2021},
  publisher={Springer}
}

@inproceedings{poggi2016learning,
  title={Learning from scratch a confidence measure.},
  author={Poggi, Matteo and Mattoccia, Stefano},
  booktitle={Bmvc},
  volume={2},
  pages={4},
  year={2016}
}

@misc{huggingface_bert_qa_2022,
  author = {Hugging Face},
  title = {BERT: Pre-trained Transformer for Question Answering}, 
  year = {2022},
  url = {https://huggingface.co/bert-large-uncased-whole-word-masking-finetuned-squad},
  note = {Accessed: 2023-08-03}
}

@misc{openai_whisper_2022,
  title={{Whisper: Speech Recognition}},  
  author={OpenAI},
  year={2022},
  url={https://openai.com/blog/whisper/},
  note={Accessed: 2023-08-03}
}

@article{ma2021predictive,
  title={Predictive monitoring with logic-calibrated uncertainty for cyber-physical systems},
  author={Ma, Meiyi and Stankovic, John and Bartocci, Ezio and Feng, Lu},
  journal={ACM Transactions on Embedded Computing Systems (TECS)},
  volume={20},
  number={5s},
  pages={1--25},
  year={2021},
  publisher={ACM New York, NY}
}

@inproceedings{campos2018yake,
  author={Raul Campos and Víctor Mangaravite and Arian Pasquali and Alípio Mário Jorge and Célia Nunes and Adam Jatowt},
  title={YAKE! Collection-Independent Automatic Keyword Extractor},
  booktitle={European Conference on Information Retrieval},
  year={2018},
  organization={Springer}
}

@article{reimers-2019-sentence-bert,
    title={Sentence-BERT: Sentence Embeddings using Siamese BERT-Networks},
    author={Nils Reimers and Iryna Gurevych},
    journal={arXiv preprint arXiv:1908.10084},
    year={2019}
}

@article{hochreiter1997long,
  title={Long short-term memory},
  author={Hochreiter, Sepp and Schmidhuber, J{\"u}rgen},
  journal={Neural computation},
  volume={9},
  number={8},
  pages={1735--1780},
  year={1997},
  publisher={MIT Press}
}

@article{kim2014convolutional,
  title={Convolutional neural networks for sentence classification},
  author={Kim, Yoon},
  journal={arXiv preprint arXiv:1408.5882},
  year={2014}
}

@inproceedings{lai2015recurrent,
  title={Recurrent convolutional neural networks for text classification}, 
  author={Lai, Siwei and Xu, Liheng and Liu, Kang and Zhao, Jun},
  booktitle={Twenty-ninth AAAI conference on artificial intelligence},
  year={2015}
}

@article{vaswani2017attention,
  title={Attention is all you need},
  author={Vaswani, Ashish and Shazeer, Noam and Parmar, Niki and Uszkoreit, Jakob and Jones, Llion and Gomez, Aidan N and Kaiser, Lukasz and Polosukhin, Illia},
  journal={Advances in neural information processing systems},
  volume={30},
  year={2017}
}

@article{bahdanau2014neural,
  title={Neural machine translation by jointly learning to align and translate},
  author={Bahdanau, Dzmitry and Cho, Kyunghyun and Bengio, Yoshua},
  journal={arXiv preprint arXiv:1409.0473},
  year={2014}
}

@misc{wolf2019huggingface,
  title={HuggingFace's Transformers: State-of-the-art Natural Language Processing},
  author={Thomas Wolf and Lysandre Debut and Victor Sanh and Julien Chaumond and Clement Delangue and Anthony Moi and Pierric Cistac and Tim Rault and Rémi Louf and Morgan Funtowicz and Jamie Brew},
  year={2019},
  howpublished={\url{https://github.com/huggingface/transformers}},
  note={Accessed: 2023-02-20}
}

@inproceedings{papineni2002bleu,
  title={BLEU: a method for automatic evaluation of machine translation},
  author={Papineni, Kishore and Roukos, Salim and Ward, Todd and Zhu, Wei-Jing},
  booktitle={Proceedings of the 40th annual meeting of the Association for Computational Linguistics},
  pages={311--318},
  year={2002}
}

@article{damerau1964technique,
  title={A technique for computer detection and correction of spelling errors},
  author={Damerau, Fred J},
  journal={Communications of the ACM},
  volume={7},
  number={3},
  pages={171--176},
  year={1964},
  publisher={ACM New York, NY, USA}
}

@inproceedings{lin-2004-rouge,
    title = "{ROUGE}: A Package for Automatic Evaluation of Summaries",
    author = "Lin, Chin-Yew",
    booktitle = "Text Summarization Branches Out",
    month = jul,
    year = "2004",
    address = "Barcelona, Spain",
    publisher = "Association for Computational Linguistics",
    url = "https://www.aclweb.org/anthology/W04-1013",
    pages = "74--81",
}

@misc{Bredin_pyannote_2020,
  author = {Hervé Bredin},
  title = {pyannote.speaker: Speaker Diarization},
  year = {2020},
  url = {https://github.com/pyannote/pyannote-speaker-diarization},
  note = {Accessed: 2023-08-03},
}

@misc{openai_chatgpt_2022,
  title={{ChatGPT}: Optimizing Language Models for Dialogue}, 
  author={{OpenAI}},
  year={2022},
  url={https://openai.com/blog/chatgpt/},
  note={Accessed: 2023-02-20},
}

@misc{openai_gpt4_2023,
  title={{GPT-4}},
  author={{OpenAI}},
  year={2023},
  url={https://openai.com/blog/gpt-4/},
  note={Accessed: 2023-02-20},
}

@inproceedings{chen2022cityspec,
  title={Cityspec: An intelligent assistant system for requirement specification in smart cities},
  author={Chen, Zirong and Li, Isaac and Zhang, Haoxiang and Preum, Sarah and Stankovic, John A and Ma, Meiyi},
  booktitle={2022 IEEE International Conference on Smart Computing (SMARTCOMP)},
  pages={32--39},
  year={2022},
  organization={IEEE}
}

@article{chen2023cityspec,
  title={CitySpec with shield: A secure intelligent assistant for requirement formalization},
  author={Chen, Zirong and Li, Isaac and Zhang, Haoxiang and Preum, Sarah and Stankovic, John A and Ma, Meiyi},
  journal={Pervasive and Mobile Computing},
  volume={92},
  pages={101802},
  year={2023},
  publisher={Elsevier}
}

@inproceedings{cer2018universal,
  title={Universal Sentence Encoder},
  author={Cer, Daniel and Yang, Yinfei and Kong, Sheng-yi and Hua, Nan and Limtiaco, Nic and John, Rhodes and Ngu, Alvin and Christopher, Adam and Constant, Noah and Guajardo-Cespedes, Mario and others},
  booktitle={Proceedings of the 2018 Conference on Empirical Methods in Natural Language Processing: System Demonstrations},
  pages={169--174},
  year={2018}
}

@inproceedings{artetxe-etal-2019-laser,
  title={Massively Multilingual Sentence Embeddings for Zero-Shot Cross-Lingual Transfer and Beyond},
  author={Artetxe, Mikel and Schwenk, Holger and Marquez, Lluis and Cho, Kunsu},
  booktitle={Proceedings of the 2019 Conference on Empirical Methods in Natural Language Processing and the 9th International Joint Conference on Natural Language Processing (EMNLP-IJCNLP)},
  pages={3293--3302},
  year={2019}
}

@article{blei2003latent,
  title={Latent Dirichlet Allocation},
  author={Blei, David M. and Ng, Andrew Y. and Jordan, Michael I.},
  journal={Journal of Machine Learning Research},
  volume={3},
  pages={993--1022},
  year={2003}
}

@misc{nltk,
  title = {{NLTK}: The Natural Language Toolkit},
  author = {Bird, Steven and Loper, Edward and Klein, Ewan},
  year = {2009},
  howpublished = {\url{http://www.nltk.org/}},
  note = {Online; accessed [insert date]}
}

@misc{bark,
  author = {{suno-ai}}, 
  title = {Text-Prompted Generative Audio Model},
  howpublished = {\url{https://github.com/suno-ai/bark}},
  year = {2023},
  note = {Accessed: 9 August 2023}
}

@article{mukhopadhyay2022review,
  title={A review of incident prediction, resource allocation, and dispatch models for emergency management},
  author={Mukhopadhyay, Ayan and Pettet, Geoffrey and Vazirizade, Sayyed Mohsen and Lu, Di and Jaimes, Alejandro and El Said, Said and Baroud, Hiba and Vorobeychik, Yevgeniy and Kochenderfer, Mykel and Dubey, Abhishek},
  journal={Accident Analysis \& Prevention},
  volume={165},
  pages={106501},
  year={2022},
  publisher={Elsevier}
}

@misc{amazonlex,
title = {{Amazon Lex}},
author = {{Amazon Web Services}},
note = {\url{https://aws.amazon.com/lex/}},
year = {2023},
urldate = {2023-08-11}
}

@misc{dialogflow,
title = {Dialogflow},
author = {Google},
note = {\url{https://cloud.google.com/dialogflow}},
year = {2023},
urldate = {2023-08-11}
}

@article{liu2019roberta,
  title={Roberta: A robustly optimized bert pretraining approach},
  author={Liu, Yinhan and Ott, Myle and Goyal, Naman and Du, Jingfei and Joshi, Mandar and Chen, Danqi and Levy, Omer and Lewis, Mike and Zettlemoyer, Luke and Stoyanov, Veselin},
  journal={arXiv preprint arXiv:1907.11692},
  year={2019}
}

@article{beltagy2020longformer,
  title={Longformer: The long-document transformer},
  author={Beltagy, Iz and Peters, Matthew E and Cohan, Arman},
  journal={arXiv preprint arXiv:2004.05150},
  year={2020}
}

@article{zaheer2020big,
  title={Big bird: Transformers for longer sequences},
  author={Zaheer, Manzil and Guruganesh, Guru and Dubey, Kumar Avinava and Ainslie, Joshua and Alberti, Chris and Ontanon, Santiago and Pham, Philip and Ravula, Anirudh and Wang, Qifan and Yang, Li and others},
  journal={Advances in neural information processing systems},
  volume={33},
  pages={17283--17297},
  year={2020}
}

@article{rajpurkar2018know,
  title={Know what you don't know: Unanswerable questions for SQuAD},
  author={Rajpurkar, Pranav and Jia, Robin and Liang, Percy},
  journal={arXiv preprint arXiv:1806.03822},
  year={2018}
}

@article{hendrycks2021cuad,
      title={CUAD: An Expert-Annotated NLP Dataset for Legal Contract Review},
      author={Dan Hendrycks and Collin Burns and Anya Chen and Spencer Ball},
      journal={arXiv preprint arXiv:2103.06268},
      year={2021}
}

@article{joshi2017triviaqa,
  title={Triviaqa: A large scale distantly supervised challenge dataset for reading comprehension},
  author={Joshi, Mandar and Choi, Eunsol and Weld, Daniel S and Zettlemoyer, Luke},
  journal={arXiv preprint arXiv:1705.03551},
  year={2017}
}

@inproceedings{gal2016dropout,
  title={Dropout as a bayesian approximation: Representing model uncertainty in deep learning},
  author={Gal, Yarin and Ghahramani, Zoubin},
  booktitle={international conference on machine learning},
  pages={1050--1059},
  year={2016},
  organization={PMLR}
}

@inproceedings{raffel2019t5,
  title={Exploring the Limits of Transfer Learning with a Unified Text-to-Text Transformer},
  author={Raffel, Colin and Shazeer, Noam and Roberts, Adam and Lee, Katherine and Narang, Sharan and Matena, Mateusz and Zhou, Yanqi and Li, Wei and Liu, Peter J.},
  booktitle={Advances in Neural Information Processing Systems (NeurIPS)},
  year={2019}
}

@misc{nyc311report,
  title = {{NYC 311 Annual Report}},
  author={NYC311},
  howpublished = {\url{https://www.nyc.gov/assets/operations/downloads/pdf/mmr2020/311.pdf}},
  note = {Accessed: 08-15-2023},
  year={2020}
}

@misc{nycnextgen911,
  title = {{Next-Gen 911 on Target for 2024 Completion}},
  author={NYC911},
  howpublished = {\url{https://www.nyc.gov/content/oti/pages/press-releases/next-gen-911-on-target-2024-completion}},
  note = {Accessed: 08-15-2023},
  year={2022}
}

@misc{fdnycitywide,
  title = {{FDNY Citywide Statistics}},
  author={FDNYC},
  howpublished = {\url{https://www.nyc.gov/site/fdny/about/resources/data-and-analytics/citywide-statistics.page}},
  note = {Accessed: 08-15-2023},
  year={2019}
}
utoauyty

@article{chen2023cityspecshield,
  title={CitySpec with shield: A secure intelligent assistant for requirement formalization},
  author={Chen, Zirong and Li, Isaac and Zhang, Haoxiang and Preum, Sarah and Stankovic, John A and Ma, Meiyi},
  journal={Pervasive and Mobile Computing},
  volume={92},
  pages={101802},
  year={2023},
  publisher={Elsevier}
}

@inproceedings{chen2022intelligent,
  title={An Intelligent Assistant for Converting City Requirements to Formal Specification},
  author={Chen, Zirong and Li, Isaac and Zhang, Haoxiang and Preurn, Sarah and Stankovic, John A and Ma, Meiyi},
  booktitle={2022 IEEE International Conference on Smart Computing (SMARTCOMP)},
  pages={174--176},
  year={2022},
  organization={IEEE}
}


@misc{911,
    title = "9-1-1 Statistics",
    Howpublished ={{https://www.nena.org/page/911Statistics}}
   }

@article{2021annual,
  title={Annual Survey of Public Employment \&
Payroll Summary Report: 2021.},
  author={Saxon, Nicholas and Villena, Paul and Wilburn, Sean and Andersen, Sarah and Maloney, Dylan and Jacobson, Ross },
  journal={US Census Bureau},
  year={2022},
  publisher={ERIC}
}

@article{g12afonso2021planning,
  title={Planning for the unknown: Local government strategies from the fiscal year 2021 budget season in response to the COVID-19 pandemic},
  author={Afonso, Whitney},
  journal={State and Local Government Review},
  volume={53},
  number={2},
  pages={159--171},
  year={2021},
  publisher={SAGE Publications Sage CA: Los Angeles, CA}
}


@article{ma2019data,
  title={Data sets, modeling, and decision making in smart cities: A survey},
  author={Ma, Meiyi and Preum, Sarah M and Ahmed, Mohsin Y and T{\"a}rneberg, William and Hendawi, Abdeltawab and Stankovic, John A},
  journal={ACM Transactions on Cyber-Physical Systems},
  volume={4},
  number={2},
  pages={1--28},
  year={2019},
  publisher={ACM New York, NY, USA}
}


@article{ma2021novel,
  title={A novel spatial--temporal specification-based monitoring system for smart cities},
  author={Ma, Meiyi and Bartocci, Ezio and Lifland, Eli and Stankovic, John A and Feng, Lu},
  journal={IEEE Internet of Things Journal},
  volume={8},
  number={15},
  pages={11793--11806},
  year={2021},
  publisher={IEEE}
}

@article{ma2021toward,
  title={Toward formal methods for smart cities},
  author={Ma, Meiyi and Stankovic, John A and Feng, Lu},
  journal={Computer},
  volume={54},
  number={9},
  pages={39--48},
  year={2021},
  publisher={IEEE}
}

@inproceedings{ma2018cityresolver,
  title={Cityresolver: a decision support system for conflict resolution in smart cities},
  author={Ma, Meiyi and Stankovic, John A and Feng, Lu},
  booktitle={2018 ACM/IEEE 9th International Conference on Cyber-Physical Systems (ICCPS)},
  pages={55--64},
  year={2018},
  organization={IEEE}
}