@inproceedings{guo2016deep,
  title={A deep relevance matching model for ad-hoc retrieval},
  author={Guo, Jiafeng and Fan, Yixing and Ai, Qingyao and Croft, W Bruce},
  booktitle={Proceedings of the 25th ACM International on Conference on Information and Knowledge Management},
  pages={55--64},
  year={2016}
}

@inproceedings{xiong2017end,
	title={End-to-end neural ad-hoc ranking with kernel pooling},
	author={Xiong, Chenyan and Dai, Zhuyun and Callan, Jamie and Liu, Zhiyuan and Power, Russell},
	booktitle={Proceedings of the 40th International ACM SIGIR conference on research and development in information retrieval},
	pages={55--64},
	year={2017}
}

@inproceedings{dai2018convolutional,
	title={Convolutional neural networks for soft-matching n-grams in ad-hoc search},
	author={Dai, Zhuyun and Xiong, Chenyan and Callan, Jamie and Liu, Zhiyuan},
	booktitle={Proceedings of the eleventh ACM international conference on web search and data mining},
	pages={126--134},
	year={2018}
}

@inproceedings{huang2013learning,
	title={Learning deep structured semantic models for web search using clickthrough data},
	author={Huang, Po-Sen and He, Xiaodong and Gao, Jianfeng and Deng, Li and Acero, Alex and Heck, Larry},
	booktitle={Proceedings of the 22nd ACM international conference on Information \& Knowledge Management},
	pages={2333--2338},
	year={2013}
}

@inproceedings{shen2014latent,
	title={A latent semantic model with convolutional-pooling structure for information retrieval},
	author={Shen, Yelong and He, Xiaodong and Gao, Jianfeng and Deng, Li and Mesnil, Gr{\'e}goire},
	booktitle={Proceedings of the 23rd ACM international conference on conference on information and knowledge management},
	pages={101--110},
	year={2014}
}

@inproceedings{hu2014convolutional,
	title={Convolutional neural network architectures for matching natural language sentences},
	author={Hu, Baotian and Lu, Zhengdong and Li, Hang and Chen, Qingcai},
	booktitle={Advances in neural information processing systems},
	pages={2042--2050},
	year={2014}
}

@inproceedings{pang2016text,
  title={Text matching as image recognition},
  author={Pang, Liang and Lan, Yanyan and Guo, Jiafeng and Xu, Jun and Wan, Shengxian and Cheng, Xueqi},
  booktitle={Proceedings of the Thirtieth AAAI Conference on Artificial Intelligence},
  pages={2793--2799},
  year={2016}
}

@inproceedings{hui2017pacrr,
  title={PACRR: A Position-Aware Neural IR Model for Relevance Matching},
  author={Hui, Kai and Yates, Andrew and Berberich, Klaus and de Melo, Gerard},
  booktitle={Proceedings of the 2017 Conference on Empirical Methods in Natural Language Processing},
  pages={1049--1058},
  year={2017}
}

@inproceedings{hui2018co,
	title={Co-PACRR: A context-aware neural IR model for ad-hoc retrieval},
	author={Hui, Kai and Yates, Andrew and Berberich, Klaus and De Melo, Gerard},
	booktitle={Proceedings of the eleventh ACM international conference on web search and data mining},
	pages={279--287},
	year={2018}
}

@inproceedings{pang2017deeprank,
	title={Deeprank: A new deep architecture for relevance ranking in information retrieval},
	author={Pang, Liang and Lan, Yanyan and Guo, Jiafeng and Xu, Jun and Xu, Jingfang and Cheng, Xueqi},
	booktitle={Proceedings of the 2017 ACM on Conference on Information and Knowledge Management},
	pages={257--266},
	year={2017}
}

@inproceedings{fan2018modeling,
	title={Modeling diverse relevance patterns in ad-hoc retrieval},
	author={Fan, Yixing and Guo, Jiafeng and Lan, Yanyan and Xu, Jun and Zhai, Chengxiang and Cheng, Xueqi},
	booktitle={The 41st international ACM SIGIR conference on research \& development in information retrieval},
	pages={375--384},
	year={2018}
}

@inproceedings{dai2019deeper,
	title={Deeper text understanding for IR with contextual neural language modeling},
	author={Dai, Zhuyun and Callan, Jamie},
	booktitle={Proceedings of the 42nd International ACM SIGIR Conference on Research and Development in Information Retrieval},
	pages={985--988},
	year={2019}
}

@inproceedings{macavaney2019cedr,
	title={CEDR: Contextualized embeddings for document ranking},
	author={MacAvaney, Sean and Yates, Andrew and Cohan, Arman and Goharian, Nazli},
	booktitle={Proceedings of the 42nd International ACM SIGIR Conference on Research and Development in Information Retrieval},
	pages={1101--1104},
	year={2019}
}

@inproceedings{yao2019graph,
	title={Graph convolutional networks for text classification},
	author={Yao, Liang and Mao, Chengsheng and Luo, Yuan},
	booktitle={Proceedings of the AAAI Conference on Artificial Intelligence},
	volume={33},
	pages={7370--7377},
	year={2019}
}

@inproceedings{zhang2020every,
  title={Every Document Owns Its Structure: Inductive Text Classification via Graph Neural Networks},
  author={Zhang, Yufeng and Yu, Xueli and Cui, Zeyu and Wu, Shu and Wen, Zhongzhen and Wang, Liang},
  booktitle="Proceedings of the 58th Annual Meeting of the Association for Computational Linguistics",
  year={2020}
}

@article{scarselli2008graph,
  title={The graph neural network model},
  author={Scarselli, Franco and Gori, Marco and Tsoi, Ah Chung and Hagenbuchner, Markus and Monfardini, Gabriele},
  journal={IEEE Transactions on Neural Networks},
  volume={20},
  number={1},
  pages={61--80},
  year={2008},
  publisher={IEEE}
}

@inproceedings{kipf2017semi,
  title={Semi-Supervised Classification with Graph Convolutional Networks},
  author={Kipf, Thomas N. and Welling, Max},
  booktitle={International Conference on Learning Representations (ICLR)},
  year={2017}
}

@inproceedings{li2016gated,
  title={Gated graph sequence neural networks},
  author={Li, Yujia and Tarlow, Daniel and Brockschmidt, Marc and Zemel, Richard},
  booktitle={International Conference on Learning Representations (ICLR)},
  year={2016}
}

@inproceedings{velivckovic2018graph,
  title={Graph Attention Networks},
  author={Veli{\v{c}}kovi{\'c}, Petar and Cucurull, Guillem and Casanova, Arantxa and Romero, Adriana and Li{\`o}, Pietro and Bengio, Yoshua},
  booktitle={International Conference on Learning Representations (ICLR)},
  year={2018}
}

@inproceedings{hamilton2017inductive,
  title={Inductive representation learning on large graphs},
  author={Hamilton, Will and Ying, Zhitao and Leskovec, Jure},
  booktitle={Advances in neural information processing systems},
  pages={1024--1034},
  year={2017}
}

@inproceedings{wu2019session,
  title={Session-based recommendation with graph neural networks},
  author={Wu, Shu and Tang, Yuyuan and Zhu, Yanqiao and Wang, Liang and Xie, Xing and Tan, Tieniu},
  booktitle={Proceedings of the AAAI Conference on Artificial Intelligence},
  volume={33},
  pages={346--353},
  year={2019}
}

@inproceedings{de2019question,
  title={Question Answering by Reasoning Across Documents with Graph Convolutional Networks},
  author={De Cao, Nicola and Aziz, Wilker and Titov, Ivan},
  booktitle={Proceedings of the 2019 Conference of the North American Chapter of the Association for Computational Linguistics: Human Language Technologies, Volume 1 (Long and Short Papers)},
  pages={2306--2317},
  year={2019}
}

@inproceedings{li2019spam,
  title={Spam review detection with graph convolutional networks},
  author={Li, Ao and Qin, Zhou and Liu, Runshi and Yang, Yiqun and Li, Dong},
  booktitle={Proceedings of the 28th ACM International Conference on Information and Knowledge Management},
  pages={2703--2711},
  year={2019}
}

@article{zhai2004study,
  title={A study of smoothing methods for language models applied to information retrieval},
  author={Zhai, Chengxiang and Lafferty, John},
  journal={ACM Transactions on Information Systems (TOIS)},
  volume={22},
  number={2},
  pages={179--214},
  year={2004},
  publisher={ACM New York, NY, USA}
}


@inproceedings{robertson1994some,
  title={Some simple effective approximations to the 2-poisson model for probabilistic weighted retrieval},
  author={Robertson, Stephen E and Walker, Steve},
  booktitle={SIGIRâ€™94},
  pages={232--241},
  year={1994},
  organization={Springer}
}

@inproceedings{mikolov2013distributed,
  title={Distributed representations of words and phrases and their compositionality},
  author={Mikolov, Tomas and Sutskever, Ilya and Chen, Kai and Corrado, Greg S and Dean, Jeff},
  booktitle={Advances in neural information processing systems},
  pages={3111--3119},
  year={2013}
}

@inproceedings{rousseau2015text,
  title={Text categorization as a graph classification problem},
  author={Rousseau, Fran{\c{c}}ois and Kiagias, Emmanouil and Vazirgiannis, Michalis},
  booktitle={Proceedings of the 53rd Annual Meeting of the Association for Computational Linguistics and the 7th International Joint Conference on Natural Language Processing (Volume 1: Long Papers)},
  pages={1702--1712},
  year={2015}
}

@inproceedings{jiang2016learning,
  title={Learning query and document relevance from a web-scale click graph},
  author={Jiang, Shan and Hu, Yuening and Kang, Changsung and Daly Jr, Tim and Yin, Dawei and Chang, Yi and Zhai, Chengxiang},
  booktitle={Proceedings of the 39th International ACM SIGIR conference on Research and Development in Information Retrieval},
  pages={185--194},
  year={2016}
}

@inproceedings{li2019fi,
  title={Fi-gnn: Modeling feature interactions via graph neural networks for ctr prediction},
  author={Li, Zekun and Cui, Zeyu and Wu, Shu and Zhang, Xiaoyu and Wang, Liang},
  booktitle={Proceedings of the 28th ACM International Conference on Information and Knowledge Management},
  pages={539--548},
  year={2019}
}

@article{zhu2020deep,
  title={Deep Graph Contrastive Representation Learning},
  author={Zhu, Yanqiao and Xu, Yichen and Yu, Feng and Liu, Qiang and Wu, Shu and Wang, Liang},
  journal={arXiv preprint arXiv:2006.04131},
  year={2020}
}