@inproceedings{kamar2016directions,
  title={Directions in Hybrid Intelligence: Complementing AI Systems with Human Intelligence.},
  author={Kamar, Ece},
  booktitle={IJCAI},
  pages={4070--4073},
  year={2016}
}

@inproceedings{bansal2019updates,
  title={Updates in human-ai teams: Understanding and addressing the performance/compatibility tradeoff},
  author={Bansal, Gagan and Nushi, Besmira and Kamar, Ece and Weld, Daniel S and Lasecki, Walter S and Horvitz, Eric},
  booktitle={Proceedings of the AAAI Conference on Artificial Intelligence},
  volume={33},
  pages={2429--2437},
  year={2019}
}

@article{sahoo2019deepreco,
  title={DeepReco: deep learning based health recommender system using collaborative filtering},
  author={Sahoo, Abhaya Kumar and Pradhan, Chittaranjan and Barik, Rabindra Kumar and Dubey, Harishchandra},
  journal={Computation},
  volume={7},
  number={2},
  pages={25},
  year={2019},
  publisher={Multidisciplinary Digital Publishing Institute}
}

@inproceedings{kulesza2012tell,
  title={Tell me more? The effects of mental model soundness on personalizing an intelligent agent},
  author={Kulesza, Todd and Stumpf, Simone and Burnett, Margaret and Kwan, Irwin},
  booktitle={Proceedings of the SIGCHI Conference on Human Factors in Computing Systems},
  pages={1--10},
  year={2012}
}

@book{norman1988psychology,
  title={The psychology of everyday things.},
  author={Norman, Donald A},
  year={1988},
  publisher={Basic books}
}

@article{herbster1998tracking,
  title={Tracking the best expert},
  author={Herbster, Mark and Warmuth, Manfred K},
  journal={Machine learning},
  volume={32},
  number={2},
  pages={151--178},
  year={1998},
  publisher={Springer}
}

@inproceedings{wang2012student,
  title={The student skill model},
  author={Wang, Yutao and Heffernan, Neil T},
  booktitle={International Conference on Intelligent Tutoring Systems},
  pages={399--404},
  year={2012},
  organization={Springer}
}

@inproceedings{pardos2010modeling,
  title={Modeling individualization in a bayesian networks implementation of knowledge tracing},
  author={Pardos, Zachary A and Heffernan, Neil T},
  booktitle={International Conference on User Modeling, Adaptation, and Personalization},
  pages={255--266},
  year={2010},
  organization={Springer}
}

@inproceedings{trivedi2011clustering,
  title={Clustering students to generate an ensemble to improve standard test score predictions},
  author={Trivedi, Shubhendu and Pardos, Zachary A and Heffernan, Neil T},
  booktitle={International conference on artificial intelligence in education},
  pages={377--384},
  year={2011},
  organization={Springer}
}

@inproceedings{trivedi2010spectral,
  title={Spectral clustering in educational data mining},
  author={Trivedi, Shubhendu and Pardos, Zachary and S{\'a}rk{\"o}zy, G{\'a}bor and Heffernan, Neil},
  booktitle={Educational Data Mining 2011},
  year={2010}
}

@article{opitz1999popular,
  title={Popular ensemble methods: An empirical study},
  author={Opitz, David and Maclin, Richard},
  journal={Journal of artificial intelligence research},
  volume={11},
  pages={169--198},
  year={1999}
}

@inproceedings{amershi2019guidelines,
  title={Guidelines for human-ai interaction},
  author={Amershi, Saleema and Weld, Dan and Vorvoreanu, Mihaela and Fourney, Adam and Nushi, Besmira and Collisson, Penny and Suh, Jina and Iqbal, Shamsi and Bennett, Paul N and Inkpen, Kori and others},
  booktitle={Proceedings of the 2019 CHI Conference on Human Factors in Computing Systems},
  pages={1--13},
  year={2019}
}

@inproceedings{freund1996experiments,
  title={Experiments with a new boosting algorithm},
  author={Freund, Yoav and Schapire, Robert E and others},
  booktitle={icml},
  volume={96},
  pages={148--156},
  year={1996},
  organization={Citeseer}
}

@misc{lovejoy2017,
  title={Human-Centered Machine Learning: 7 steps to stay focused on the user when designing with ML},
  author={Lovejoy, Holbrook},
  howpublished={\url{https://medium.com/google-design/human-centered-machine-learning-a770d10562cd}},
  year={2017},
  note={Accessed Feb 2020}
}

@inproceedings{bansal2019beyond,
  title={Beyond Accuracy: The Role of Mental Models in Human-AI Team Performance},
  author={Bansal, Gagan and Nushi, Besmira and Kamar, Ece and Lasecki, Walter S and Weld, Daniel S and Horvitz, Eric},
  booktitle={Proceedings of the AAAI Conference on Human Computation and Crowdsourcing},
  volume={7},
  number={1},
  pages={2--11},
  year={2019}
}

@article{hemphill2003interpreting,
  title={Interpreting the magnitudes of correlation coefficients.},
  author={Hemphill, James F},
  year={2003},
  publisher={American Psychological Association}
}

@article{choi2019ednet,
  title={EdNet: A Large-Scale Hierarchical Dataset in Education},
  author={Choi, Youngduck and Lee, Youngnam and Shin, Dongmin and Cho, Junghyun and Park, Seoyon and Lee, Seewoo and Baek, Jineon and Kim, Byungsoo and Jang, Youngjun},
  journal={arXiv preprint arXiv:1912.03072},
  year={2019}
}

@article{vallender1974calculation,
  title={Calculation of the Wasserstein distance between probability distributions on the line},
  author={Vallender, SS},
  journal={Theory of Probability \& Its Applications},
  volume={18},
  number={4},
  pages={784--786},
  year={1974},
  publisher={SIAM}
}

@article{scikit-learn,
 title={Scikit-learn: Machine Learning in {P}ython},
 author={Pedregosa, F. and Varoquaux, G. and Gramfort, A. and Michel, V.
         and Thirion, B. and Grisel, O. and Blondel, M. and Prettenhofer, P.
         and Weiss, R. and Dubourg, V. and Vanderplas, J. and Passos, A. and
         Cournapeau, D. and Brucher, M. and Perrot, M. and Duchesnay, E.},
 journal={Journal of Machine Learning Research},
 volume={12},
 pages={2825--2830},
 year={2011}
}

@article{srivastava2020empirical,
  title={An Empirical Analysis of Backward Compatibility in Machine Learning Systems},
  author={Srivastava, Megha and Nushi, Besmira and Kamar, Ece and Shah, Shital and Horvitz, Eric},
  journal={arXiv preprint arXiv:2008.04572},
  year={2020}
}

@inproceedings{feng2006addressing,
  title={Addressing the testing challenge with a web-based e-assessment system that tutors as it assesses},
  author={Feng, Mingyu and Heffernan, Neil T and Koedinger, Kenneth R},
  booktitle={Proceedings of the 15th international conference on World Wide Web},
  pages={307--316},
  year={2006}
}

@misc{Dua:2019 ,
author = "Dua, Dheeru and Graff, Casey",
year = "2017",
title = "{UCI} Machine Learning Repository",
url = "http://archive.ics.uci.edu/ml",
institution = "University of California, Irvine, School of Information and Computer Sciences" }

@article{varma2006bias,
  title={Bias in error estimation when using cross-validation for model selection},
  author={Varma, Sudhir and Simon, Richard},
  journal={BMC bioinformatics},
  volume={7},
  number={1},
  pages={91},
  year={2006},
  publisher={Springer}
}

@article{tashman2000out,
  title={Out-of-sample tests of forecasting accuracy: an analysis and review},
  author={Tashman, Leonard J},
  journal={International journal of forecasting},
  volume={16},
  number={4},
  pages={437--450},
  year={2000},
  publisher={Elsevier}
}