@inproceedings{JieTang,
author = {Zhang, Yutao and Zhang, Fanjin and Yao, Peiran and Tang, Jie},
 title = {Name Disambiguation in AMiner: Clustering, Maintenance, and Human in the Loop.},
 booktitle = {Proceedings of the 24th ACM SIGKDD International Conference on Knowledge Discovery \&\#38; Data Mining},
 series = {KDD '18},
 year = {2018},
 isbn = {978-1-4503-5552-0},
 location = {London, United Kingdom},
 pages = {1002--1011},
 numpages = {10},
 url = {http://doi.acm.org/10.1145/3219819.3219859},
 doi = {10.1145/3219819.3219859},
 acmid = {3219859},
 publisher = {ACM},
 address = {New York, NY, USA},
 keywords = {clustering, entity resolution, metric learning, name disambiguation},
} 

@article{smalheiser2009author,
	title={Author name disambiguation},
	author={Smalheiser, Neil R and Torvik, Vetle I},
	journal={Annual review of information science and technology},
	volume={43},
	number={1},
	pages={1--43},
	year={2009},
	publisher={Wiley Online Library}
}

@inproceedings{Anonymized,
 author = {Zhang, Baichuan and Al Hasan, Mohammad},
 title = {Name Disambiguation in Anonymized Graphs Using Network Embedding},
 booktitle = {Proceedings of the 2017 ACM on Conference on Information and Knowledge Management},
 series = {CIKM '17},
 year = {2017},
 isbn = {978-1-4503-4918-5},
 location = {Singapore, Singapore},
 pages = {1239--1248},
 numpages = {10},
 url = {http://doi.acm.org/10.1145/3132847.3132873},
 doi = {10.1145/3132847.3132873},
 acmid = {3132873},
 publisher = {ACM},
 address = {New York, NY, USA},
 keywords = {clustering, name disambiguation, neural network embedding},
} 

@inproceedings{han:2014,
 author = {Han, Hui and Giles, Lee and Zha, Hongyuan and Li, Cheng and Tsioutsiouliklis, Kostas},
 title = {Two Supervised Learning Approaches for Name Disambiguation in Author Citations},
 booktitle = {JCDL'04},
 year={2004},
 pages = {296--305},
 publisher = {ACM},
} 

@inproceedings{Huang:2006,
 author = {Huang, Jian and Ertekin, Seyda and Giles, C. Lee},
 title = {Efficient Name Disambiguation for Large-scale Databases},
 booktitle = {PKDD'06},
 year = {2006},
 pages = {536--544},
 publisher = {Springer-Verlag},
} 

@InProceedings{Block,
author="Louppe, Gilles
and Al-Natsheh, Hussein T.
and Susik, Mateusz
and Maguire, Eamonn James",
title="Ethnicity sensitive author disambiguation using semi-supervised learning",
booktitle="Knowledge Engineering and Semantic Web",
year="2016",
pages="272--287",
publisher="Springer International Publishing",
}

@inproceedings{Yoshida:2010,
 author = {Yoshida, Minoru and Ikeda, Masaki and Ono, Shingo and Sato, Issei and Nakagawa, Hiroshi},
 title = {Person Name Disambiguation by Bootstrapping},
 booktitle = {SIGIR'10},
 year = {2010},
 pages={10--17},
 publisher = {ACM},
} 

@article{Fan:2011,
 author = {Fan, Xiaoming and Wang, Jianyong and Pu, Xu and Zhou, Lizhu and Lv, Bing},
 title = {On Graph-Based Name Disambiguation},
 journal = {J. Data and Information Quality},
 volume = {2},
 number = {2},
 month = feb,
 year = {2011},
 pages = {10:1--10:23},
 publisher = {ACM},
} 

@inproceedings{Hermansson:2013,
 author = {Hermansson, Linus and Kerola, Tommi and Johansson, Fredrik and Jethava, Vinay and Dubhashi, Devdatt},
 title = {Entity disambiguation in anonymized graphs using graph kernels},
 booktitle = {CIKM'13},
 year = {2013},
 pages = {1037--1046},
 publisher = {ACM},
} 

@article{Tang:2012,
 author = {Tang, Jie and Fong, Alvis C. M. and Wang, Bo and Zhang, Jing},
 title = {A Unified Probabilistic Framework for Name Disambiguation in Digital Library},
 journal = {IEEE Trans. on Knowl. and Data Eng.},
 volume = {24},
 number = {6},
 month = jun,
 year = {2012},
 pages = {975--987},
 publisher = {IEEE Educational Activities Department},
} 

@inproceedings{Bekkerman:2005,
 author = {Bekkerman, Ron and McCallum, Andrew},
 title = {Disambiguating Web Appearances of People in a Social Network},
 booktitle = {WWW'05},
 year = {2005},
 pages = {463--470},
 publisher = {ACM},
} 

@inproceedings{Kanani:2007,
 author = {Kanani, Pallika and McCallum, Andrew and Pal, Chris},
 title = {Improving Author Coreference by Resource-bounded Information Gathering from the Web},
 booktitle = {IJCAI'07},
 year = {2007},
 pages = {429--434},
 publisher = {Morgan Kaufmann Publishers Inc.},
} 

@inproceedings{Liu:2013,
 author = {Liu, Jialu and Lei, Kin Hou and Liu, Jeffery Yufei and Wang, Chi and Han, Jiawei},
 title = {Ranking-based Name Matching for Author Disambiguation in Bibliographic Data},
 booktitle = {KDD Cup'13},
 year = {2013},
 pages = {8:1--8:8},
 publisher = {ACM},
} 

@incollection{GAN,
title = {Generative Adversarial Nets},
author = {Goodfellow, Ian and Pouget-Abadie, Jean and Mirza, Mehdi and Xu, Bing and Warde-Farley, David and Ozair, Sherjil and Courville, Aaron and Bengio, Yoshua},
booktitle = {Advances in Neural Information Processing Systems 27},
pages = {2672--2680},
year = {2014},
publisher = {Curran Associates, Inc.},
}

@article{word2vec1,
  added-at = {2013-10-23T23:02:12.000+0200},
  author = {Mikolov, Tomas and Chen, Kai and Corrado, Greg and Dean, Jeffrey},
  journal = {CoRR},
  title = {Efficient Estimation of Word Representations in Vector Space},
  volume = {abs/1301.3781},
  year = 2013,
  pages={},
  publisher={},
}

@inproceedings{wor2vec2,
 author = {Mikolov, Tomas and Sutskever, Ilya and Chen, Kai and Corrado, Greg and Dean, Jeffrey},
 title = {Distributed Representations of Words and Phrases and Their Compositionality},
 booktitle = {NIPS'13},
 year = {2013},
 pages = {3111--3119},
 publisher = {Curran Associates Inc.},
} 

@inproceedings{Deepwalk,
	Author = {Perozzi, Bryan and Al-Rfou, Rami and Skiena, Steven},
	Booktitle = {KDD'14},
	Publisher = {ACM},
	Title = {DeepWalk: Online Learning of Social Representations},
	Year = {2014},
	pages={701--710},
}
    
@inproceedings{Node2vec,
	Author = {Grover, Aditya and Leskovec, Jure},
	Booktitle = {KDD'16},
	Publisher = {ACM},
	Title = {Node2Vec: Scalable Feature Learning for Networks},
	Year = {2016},
	pages={855--864}}
    
@inproceedings{Metapath2vec,
	Author = {Dong, Yuxiao and Chawla, Nitesh V. and Swami, Ananthram},
	Booktitle = {Proceedings of the 23rd ACM SIGKDD International Conference on Knowledge Discovery and Data Mining},
	Title = {Metapath2Vec: Scalable Representation Learning for Heterogeneous Networks},
	Year = {2017},
	pages={135--144},
	publisher={ACM},
}

@inproceedings{LINE,
  title={LINE: Large-scale Information Network Embedding.},
  author={Tang, Jian and Qu, Meng and Wang, Mingzhe and Zhang, Ming and Yan, Jun and Mei, Qiaozhu},
  booktitle={Proceedings of the 24th International Conference on World Wide Web},
  year={2015},
  publisher={ACM},
  pages={1067--1077},
}


@inproceedings{PTE,
 author = {Tang, Jian and Qu, Meng and Mei, Qiaozhu},
 title = {PTE: Predictive Text Embedding Through Large-scale Heterogeneous Text Networks},
 booktitle = {KDD'15},
 year = {2015},
 pages = {1165--1174},
 publisher = {ACM},
} 

@inproceedings{IRGAN,
 author = {Wang, Jun and Yu, Lantao and Zhang, Weinan and Gong, Yu and Xu, Yinghui and Wang, Benyou and Zhang, Peng and Zhang, Dell},
 title = {IRGAN: A Minimax Game for Unifying Generative and Discriminative Information Retrieval Models},
 booktitle = {SIGIR'17},
 year = {2017},
 pages = {515--524},
 publisher = {ACM},
} 

@inproceedings{KBGAN,
  title={KBGAN: Adversarial Learning for Knowledge Graph Embeddings},
  author={Cai, Liwei and Wang, William Yang},
  booktitle={NAACL'18},
  year={2018},
  pages={},
  publisher={},
}

@inproceedings{seq,
 author = {Yu, L. and Zhang, W. and Wang, J. and Yu, Y},
 title = {Sequence generative adversarial nets with policy gradient},
 booktitle = {AAAI'17},
 year = {2017},
 pages = {2852-00092858},
 publisher={},
} 

@inproceedings{image,
 author = {Denton, Emily and Chintala, Soumith and Szlam, Arthur and Fergus, Rob},
 title = {Deep Generative Image Models Using a Laplacian Pyramid of Adversarial Networks},
 booktitle = {Proceedings of the 28th International Conference on Neural Information Processing Systems - Volume 1},
 year = {2015},
 pages = {1486--1494},
 publisher = {MIT Press},
} 


@inproceedings{Dialogue,
  author = {Li, Jiwei and Monroe, Will and Shi, Tianlin and Jean, S0108bastien and Ritter, Alan and Jurafsky, Dan},
  booktitle = {EMNLP'17},
  pages = {2157-2169},
  publisher = {Association for Computational Linguistics},
  title = {Adversarial Learning for Neural Dialogue Generation.},
  year = {2017},
}

@inproceedings{GraphGAN,
  author    = {Wang, Hongwei and
               Wang, Jia and
               Wang, Jialin and
               Zhao, Miao and
               Zhang, Weinan and
               Zhang, Fuzheng and
               Xie, Xing and
               Guo, Minyi},
  title     = {GraphGAN: Graph Representation Learning With Generative Adversarial Nets},
  booktitle = {AAAI'18},
  year      = {2018},
  pages={},
  publisher={},
}

@inproceedings{Doc2vec,
 author = {Le, Quoc and Mikolov, Tomas},
 title = {Distributed Representations of Sentences and Documents},
 booktitle = {Proceedings of the 31st International Conference on International Conference on Machine Learning - Volume 32},
 year = {2014},
 pages = {II-1188--II-1196},
 publisher = {JMLR.org},
} 

@inproceedings{policy1,
 author = {Schulman, John and Heess, Nicolas and Weber, Theophane and Abbeel, Pieter},
 title = {Gradient Estimation Using Stochastic Computation Graphs},
 booktitle = {Proceedings of the 28th International Conference on Neural Information Processing Systems - Volume 2},
 year = {2015},
 pages = {3528--3536},
 publisher = {MIT Press},
} 

@inproceedings{AceKG,
  	author    = {Wang, Ruijie and Yan, Yuchen and Wang, Jialu and Jia, Yuting and Zhang, Ye and Zhang, Weinan and Wang, Xinbing},
  	title     = {AceKG: A Large-scale Knowledge Graph for Academic Data Mining},
  	booktitle = {CIKM'18},
  	year      = {2018},
  	pages={},
  	publisher={},
}


@inproceedings{self1,
 author = {Riloff, Ellen and Jones, Rosie},
 title = {Learning Dictionaries for Information Extraction by Multi-level Bootstrapping},
 booktitle = {AAAI '99/IAAI '99},
 year = {1999},
 pages = {474--479},
 publisher = {American Association for Artificial Intelligence},
} 


@article{self2,
 author = {Levin, Michael and Krawczyk, Stefan and Bethard, Steven and Jurafsky, Dan},
 title = {Citation-based Bootstrapping for Large-scale Author Disambiguation},
 journal = {J. Am. Soc. Inf. Sci. Technol.},
 volume = {63},
 number = {5},
 month = may,
 year = {2012},
 pages = {1030--1047},
 publisher = {John Wiley \& Sons, Inc.},
} 
