@InProceedings{boyarski2015icbs,
  author    = {E. Boyarski and A. Felner and R. Stern and G. Sharon and O. Betzalel and D. Tolpin and E. Shimony},
  title     = {{ICBS}: Improved Conflict-Based Search Algorithm for Multi-Agent Pathfinding},
  booktitle = {Proceedings of The 24th International Joint Conference on Artificial Intelligence ({IJCAI} 2015)},
  year      = {2015},
  pages     = {740-746},
}

@Article{sharon2015conflict,
  author  = {G. Sharon and R. Stern and A. Felner and N. R. Sturtevant.},
  title   = {Conflict-based search for optimal multiagent path finding},
  journal = {Artificial Intelligence Journal},
  year    = {2015},
  volume  = {218},
  pages   = {40-66},
}

@inproceedings{andreychuk2019multi,
  title={Multi-Agent Pathfinding with Continuous Time},
  author={Andreychuk, Anton and Yakovlev, Konstantin and Atzmon, Dor and Stern, Roni},
  booktitle={Proceedings of the 28th International Joint Conference on Artificial Intelligence ({IJCAI} 2019)},
  pages={39--45},
  year={2019}
}

@InProceedings{phillips2011sipp,
  author    = {M. Phillips and M. Likhachev},
  title     = {{SIPP}: Safe interval path planning for dynamic environments},
  booktitle = {Proceedings of The 2011 IEEE International Conference on Robotics and Automation ({ICRA} 2011)},
  year      = {2011},
	pages     = {5628-5635},
}

@incollection{guy2015guide,
  title={Guide to Anticipatory Collision Avoidance},
  author={Guy, Stephen J. and Karamouzas, Ioannis},
  editor={Rabin, Steven},
  booktitle={Game AI Pro 2: Collected Wisdom of Game AI Professionals},
  chapter={19},
  pages={195--208},
  year={2015},
}

@article{walker2019collision,
  title={Collision detection for agents in multi-agent pathfinding},
  author={Walker, Thayne T and Sturtevant, Nathan R},
  journal={arXiv preprint arXiv:1908.09707},
  year={2019}
}

@inproceedings{walker2018extended,
  title={Extended Increasing Cost Tree Search for Non-Unit Cost Domains.},
  author={Walker, Thayne T and Sturtevant, Nathan R and Felner, Ariel},
  booktitle={IJCAI},
  pages={534--540},
  year={2018}
}

@inproceedings{CBSH,
  author    = {Ariel Felner and
                    Jiaoyang Li and
                    Eli Boyarski and
                    Hang Ma and
                    Liron Cohen and
                    T. K. Satish Kumar and
                    Sven Koenig},
  title     = {Adding Heuristics to Conflict-Based Search for Multi-Agent Path Finding},
  booktitle = {Proceedings of the International Conference on Automated Planning and Scheduling (ICAPS-2018)},
  year      = {2018},
  pages     = {83--87}
}

@inproceedings{CBSH2,
author = {Li, Jiaoyang and Felner, Ariel and Boyarski, Eli and Ma, Hang and Koenig, Sven},
title = {Improved Heuristics for Multi-Agent Path Finding with Conflict-Based Search},
booktitle = {Proceedings of the International Joint Conference on Artificial Intelligence (IJCAI-2019)},
year = {2019},
pages = {442--449},
doi = {10.24963/ijcai.2019/63}
}

@inproceedings{ICBS,
author = {Boyarski, Eli and Felner, Ariel and Stern, Roni and Sharon, Guni and Tolpin, David and Betzalel, Oded and Shimony, Eyal S.},
isbn = {9781577357384},
issn = {10450823},
booktitle = {Proceedings of the International Joint Conference on Artificial Intelligence (IJCAI-2015)},
pages = {740--746},
title = {{ICBS}: Improved Conflict-Based Search Algorithm for Multi-Agent Pathfinding},
year = {2015}
}


@inproceedings{li2019disjoint,
  title={Disjoint splitting for multi-agent path finding with conflict-based search},
  author={Li, Jiaoyang and Harabor, Daniel and Stuckey, Peter J and Felner, Ariel and Ma, Hang and Koenig, Sven},
  booktitle={International Conference on Automated Planning and Scheduling (ICAPS)},
  volume={29},
  pages={279--283},
  year={2019}
}


@inproceedings{richter2008landmarks,
  title={Landmarks Revisited},
  author={Richter, Silvia and Helmert, Malte and Westphal, Matthias},
  booktitle={AAAI},
  volume={8},
  pages={975--982},
  year={2008}
}

@inproceedings{karpas2009cost,
  title={Cost-Optimal Planning with Landmarks.},
  author={Karpas, Erez and Domshlak, Carmel},
  booktitle={IJCAI},
  pages={1728--1733},
  year={2009}
}

@inproceedings{goldenberg2011compressed,
  title={The Compressed Differential Heuristic},
  author={Goldenberg, Meir and Sturtevant, Nathan R and Felner, Ariel and Schaeffer, Jonathan},
  booktitle={Proceedings of the 25th AAAI Conference on Artificial Intelligence ({AAAI} 2011)},
  pages={24--29},
  year={2011}
}

@inproceedings{stern2019multi,
  title={Multi-agent pathfinding: Definitions, variants, and benchmarks},
  author={Stern, Roni and Sturtevant, Nathan R and Felner, Ariel and Koenig, Sven and Ma, Hang and Walker, Thayne T and Li, Jiaoyang and Atzmon, Dor and Cohen, Liron and Kumar, TK Satish and others},
  booktitle={Proceedings of the 12th Annual Symposium on Combinatorial Search ({SoCS} 2019)},
  pages={151--158},
  year={2019}
}

@article{sucan2012ompl,
    Author = {Ioan A. {\c{S}}ucan and Mark Moll and Lydia E. Kavraki},
    Doi = {10.1109/MRA.2012.2205651},
    Journal = {{IEEE} Robotics \& Automation Magazine},
    Month = {December},
    Number = {4},
    Pages = {72--82},
    Title = {The {O}pen {M}otion {P}lanning {L}ibrary},
    Note = {\url{https://ompl.kavrakilab.org}},
    Volume = {19},
    Year = {2012}
}





@inproceedings{BCP,
  author    = {Edward Lam and
               Pierre Le Bodic and
               Daniel Damir Harabor and
               Peter J. Stuckey},
  title     = {Branch-and-Cut-and-Price for Multi-Agent Pathfinding},
  booktitle = {International Joint Conference on Artificial Intelligence ({IJCAI})},
  pages     = {1289--1296},
  year      = {2019}
}

@inproceedings{lazy-cbs,
  author    = {Graeme Gange and
               Daniel Harabor and
               Peter J. Stuckey},
  title     = {Lazy {CBS:} Implicit Conflict-Based Search Using Lazy Clause Generation},
  booktitle = {the International Conference on Automated
               Planning and Scheduling ({ICAPS})},
  pages     = {155--162},
  year      = {2019}
}


@inproceedings{SurynekFSB16,
  author    = {P. Surynek and
               A. Felner and
               R. Stern and
               E. Boyarski},
  title     = {Efficient {SAT} Approach to Multi-Agent Path Finding Under the Sum
               of Costs Objective},
  booktitle = {ECAI},
  year      = {2016}
}


@inproceedings{WurmanDM07,
  author    = {Peter R. Wurman and
               Raffaello D'Andrea and
               Mick Mountz},
  title     = {Coordinating Hundreds of Cooperative, Autonomous Vehicles in Warehouses},
  booktitle = {the {AAAI} Conference on Artificial Intelligence (AAAI)},
  pages     = {1752--1760},
  year      = {2007}
  }

@inproceedings{Silver05,
  author    = {David Silver},
  title     = {Cooperative Pathfinding},
  booktitle = {the First Artificial Intelligence and Interactive Digital
               Entertainment Conference},
  pages     = {117--122},
  year      = {2005}
}


@inproceedings{VelosoBCR15,
  author    = {Manuela M. Veloso and
               Joydeep Biswas and
               Brian Coltin and
               Stephanie Rosenthal},
  title     = {CoBots: Robust Symbiotic Autonomous Mobile Service Robots},
  booktitle = {the International Joint Conference on
               Artificial Intelligence (IJCAI)},
  pages     = {4423--4429},
  year      = {2015}
}


@inproceedings{MorrisPLMMKK16,
  author    = {Robert Morris and
               Corina S. Pasareanu and
               Kasper S{\o}e Luckow and
               Waqar Malik and
               Hang Ma and
               T. K. Satish Kumar and
               Sven Koenig},
  title     = {Planning, Scheduling and Monitoring for Airport Surface Operations},
  booktitle = {Planning for Hybrid Systems, Papers from the 2016 {AAAI} Workshop},
  year      = {2016}
}




@inproceedings{BoyarskiFSSTBS15,
  author    = {Eli Boyarski and
               Ariel Felner and
               Roni Stern and
               Guni Sharon and
               David Tolpin and
               Oded Betzalel and
               Solomon Eyal Shimony},
  title     = {{ICBS:} Improved Conflict-Based Search Algorithm for Multi-Agent Pathfinding},
  booktitle = {the International Joint Conference on Artificial Intelligence (IJCAI)},
  pages     = {740--746},
  year      = {2015}
}


@inproceedings{felner2018adding,
  title={Adding Heuristics to Conflict-Based Search for Multi-Agent Path Finding},
  booktitle={the International Conference on Automated
               Planning and Scheduling (ICAPS)},
  author={Felner, Ariel and Li, Jiaoyang and Boyarski, Eli and Ma, Hang and Cohen, Liron and Kumar, TK Satish and Koenig, Sven},
  year={2018},
  pages={83--87}
}


@inproceedings{cohen2019optimal,
  title={Optimal and bounded-suboptimal multi-agent motion planning},
  author={Cohen, Liron and Uras, Tansel and Kumar, TK Satish and Koenig, Sven},
  booktitle={Symposium on Combinatorial Search (SoCS)},
  year={2019}
}




@inproceedings{surynek2010optimization,
  title={An Optimization Variant of Multi-Robot Path Planning Is Intractable.},
  author={Surynek, Pavel},
  booktitle={AAAI},
  pages={1261--1263},
  year={2010}
}

@inproceedings{yu2013structure,
  author    = {Jingjin Yu and
               Steven M. LaValle},
  title     = {Structure and Intractability of Optimal Multi-Robot Path
               Planning on Graphs},
  booktitle = {AAAI},
  pages={1443--1449},
  year      = {2013},
}


@inproceedings{nebel2020computational,
  title={On the Computational Complexity of Multi-Agent Pathfinding on Directed Graphs},
  author={Nebel, Bernhard},
  booktitle={International Conference on Automated Planning and Scheduling (ICAPS)},
  volume={30},
  pages={212--216},
  year={2020}
}