@inproceedings{stern2019multi,
  title={Multi-agent pathfinding: Definitions, variants, and benchmarks},
  author={Stern, Roni and Sturtevant, Nathan R and Felner, Ariel and Koenig, Sven and Ma, Hang and Walker, Thayne T and Li, Jiaoyang and Atzmon, Dor and Cohen, Liron and Kumar, TK Satish and others},
  booktitle={Twelfth Annual Symposium on Combinatorial Search},
  year={2019}
}

@article{ma2017lifelong,
  title={Lifelong multi-agent path finding for online pickup and delivery tasks},
  author={Ma, Hang and Li, Jiaoyang and Kumar, TK and Koenig, Sven},
  journal={arXiv preprint arXiv:1705.10868},
  year={2017}
}

@inproceedings{vsvancara2019online,
  title={Online multi-agent pathfinding},
  author={{\v{S}}vancara, Ji{\v{r}}{\'\i} and Vlk, Marek and Stern, Roni and Atzmon, Dor and Bart{\'a}k, Roman},
  booktitle={Proceedings of the AAAI Conference on Artificial Intelligence},
  volume={33},
  number={01},
  pages={7732--7739},
  year={2019}
}

@article{atzmon2020robust,
  title={Robust multi-agent path finding and executing},
  author={Atzmon, Dor and Stern, Roni and Felner, Ariel and Wagner, Glenn and Bart{\'a}k, Roman and Zhou, Neng-Fa},
  journal={Journal of Artificial Intelligence Research},
  volume={67},
  pages={549--579},
  year={2020}
}

@incollection{latombe1991multiple,
  title={Multiple Moving Objects},
  author={Latombe, Jean-Claude},
  booktitle={Robot motion planning},
  pages={1--57},
  year={1991},
  publisher={Springer}
}

@inproceedings{li2020lifelong,
  title={Lifelong Multi-Agent Path Finding in Large-Scale Warehouses.},
  author={Li, Jiaoyang and Tinka, Andrew and Kiesel, Scott and Durham, Joseph W and Kumar, TK Satish and Koenig, Sven},
  booktitle={AAMAS},
  pages={1898--1900},
  year={2020}
}

@article{sharon2015conflict,
  title={Conflict-based search for optimal multi-agent pathfinding},
  author={Sharon, Guni and Stern, Roni and Felner, Ariel and Sturtevant, Nathan R},
  journal={Artificial Intelligence},
  volume={219},
  pages={40--66},
  year={2015},
  publisher={Elsevier}
}

@inproceedings{felner2017search,
  title={Search-based optimal solvers for the multi-agent pathfinding problem: Summary and challenges},
  author={Felner, Ariel and Stern, Roni and Shimony, Solomon Eyal and Boyarski, Eli and Goldenberg, Meir and Sharon, Guni and Sturtevant, Nathan and Wagner, Glenn and Surynek, Pavel},
  booktitle={Tenth Annual Symposium on Combinatorial Search},
  year={2017}
}

@article{andreychuk2022multi,
  title={Multi-agent pathfinding with continuous time},
  author={Andreychuk, Anton and Yakovlev, Konstantin and Surynek, Pavel and Atzmon, Dor and Stern, Roni},
  journal={Artificial Intelligence},
  year={2022}
}

@inproceedings{li2019multi,
  title={Multi-agent path finding for large agents},
  author={Li, Jiaoyang and Surynek, Pavel and Felner, Ariel and Ma, Hang and Kumar, TK Satish and Koenig, Sven},
  booktitle={Proceedings of the AAAI Conference on Artificial Intelligence},
  volume={33},
  number={01},
  pages={7627--7634},
  year={2019}
}

@inproceedings{atzmon2020generalizing,
  title={Generalizing multi-agent path finding for heterogeneous agents},
  author={Atzmon, Dor and Zax, Yonathan and Kivity, Einat and Avitan, Lidor and Morag, Jonathan and Felner, Ariel},
  booktitle={Thirteenth Annual Symposium on Combinatorial Search},
  year={2020}
}

@inproceedings{atzmon2020probabilistic,
  title={Probabilistic robust multi-agent path finding},
  author={Atzmon, Dor and Stern, Roni and Felner, Ariel and Sturtevant, Nathan R and Koenig, Sven},
  booktitle={Proceedings of the International Conference on Automated Planning and Scheduling},
  volume={30},
  pages={29--37},
  year={2020}
}

@article{shahar2021safe,
  title={Safe Multi-Agent Pathfinding with Time Uncertainty},
  author={Shahar, Tomer and Shekhar, Shashank and Atzmon, Dor and Saffidine, Abdallah and Juba, Brendan and Stern, Roni},
  journal={Journal of Artificial Intelligence Research},
  volume={70},
  pages={923--954},
  year={2021}
}

@inproceedings{bogatarkan2019declarative,
  title={A Declarative Method for Dynamic Multi-Agent Path Finding.},
  author={Bogatarkan, Aysu and Patoglu, Volkan and Erdem, Esra},
  booktitle={GCAI},
  pages={54--67},
  year={2019}
}

@inproceedings{li2021anytime,
  title={Anytime Multi-Agent Path Finding via Large Neighborhood Search},
  author={Li, Jiaoyang and Chen, Zhe and Harabor, Daniel and Stuckey, P and Koenig, Sven},
  booktitle={International Joint Conference on Artificial Intelligence (IJCAI)},
  year={2021}
}

@inproceedings{ma2021competitive,
  title={A Competitive Analysis of Online Multi-Agent Path Finding},
  author={Ma, Hang},
  booktitle={Proceedings of the International Conference on Automated Planning and Scheduling},
  volume={31},
  pages={234--242},
  year={2021}
}

@inproceedings{barer2014suboptimal,
  title={Suboptimal variants of the conflict-based search algorithm for the multi-agent pathfinding problem},
  author={Barer, Max and Sharon, Guni and Stern, Roni and Felner, Ariel},
  booktitle={Seventh Annual Symposium on Combinatorial Search},
  year={2014}
}

@inproceedings{ma2019searching,
  title={Searching with consistent prioritization for multi-agent path finding},
  author={Ma, Hang and Harabor, Daniel and Stuckey, Peter J and Li, Jiaoyang and Koenig, Sven},
  booktitle={Proceedings of the AAAI Conference on Artificial Intelligence},
  volume={33},
  number={01},
  pages={7643--7650},
  year={2019}
}

@article{andreychuk2018two,
  title={Two techniques that enhance the performance of multi-robot prioritized path planning},
  author={Andreychuk, Anton and Yakovlev, Konstantin},
  journal={arXiv preprint arXiv:1805.01270},
  year={2018}
}

@inproceedings{li2019symmetry,
  title={Symmetry-breaking constraints for grid-based multi-agent path finding},
  author={Li, Jiaoyang and Harabor, Daniel and Stuckey, Peter J and Ma, Hang and Koenig, Sven},
  booktitle={Proceedings of the AAAI Conference on Artificial Intelligence},
  volume={33},
  number={01},
  pages={6087--6095},
  year={2019}
}

@inproceedings{harabor2011online,
  title={Online graph pruning for pathfinding on grid maps},
  author={Harabor, Daniel and Grastien, Alban},
  booktitle={Proceedings of the AAAI Conference on Artificial Intelligence},
  volume={25},
  number={1},
  pages={1114--1119},
  year={2011}
}

@inproceedings{vcap2015complete,
  title={Complete decentralized method for on-line multi-robot trajectory planning in well-formed infrastructures},
  author={{\v{C}}{\'a}p, Michal and Vok{\v{r}}{\'\i}nek, Ji{\v{r}}{\'\i} and Kleiner, Alexander},
  booktitle={Twenty-Fifth International Conference on Automated Planning and Scheduling},
  year={2015}
}

@inproceedings{ma2019lifelong,
  title={Lifelong path planning with kinematic constraints for multi-agent pickup and delivery},
  author={Ma, Hang and H{\"o}nig, Wolfgang and Kumar, TK Satish and Ayanian, Nora and Koenig, Sven},
  booktitle={Proceedings of the AAAI Conference on Artificial Intelligence},
  volume={33},
  pages={7651--7658},
  year={2019}
}

@article{ho2019pre,
  title={Pre-flight conflict detection and resolution for UAV integration in shared airspace: Sendai 2030 model case},
  author={Ho, Florence and Geraldes, Ruben and Goncalves, Artur and Rigault, Bastien and Oosedo, Atsushi and Cavazza, Marc and Prendinger, Helmut},
  journal={IEEE Access},
  volume={7},
  pages={170226--170237},
  year={2019},
  publisher={IEEE}
}

@inproceedings{li2019departure,
  title={Departure scheduling and taxiway path planning under uncertainty},
  author={Li, Jiaoyang and Gong, Mimi and Liang, Zi and Liu, Weizi and Tong, Zhongyi and Yi, Liangchen and Morris, Robert and Pasearanu, Corina and Koenig, Sven},
  booktitle={AIAA Aviation 2019 Forum},
  pages={2930},
  year={2019}
}

@article{dresner2008multiagent,
  title={A multiagent approach to autonomous intersection management},
  author={Dresner, Kurt and Stone, Peter},
  journal={Journal of artificial intelligence research},
  volume={31},
  pages={591--656},
  year={2008}
}



@inproceedings{salzman2020research,
  title={Research challenges and opportunities in multi-agent path finding and multi-agent pickup and delivery problems blue sky ideas track},
  author={Salzman, Oren and Stern, Ron Zvi},
  booktitle={International Conference on Autonomous Agents and Multiagent Systems (AAMAS)},
  pages={1711--1715},
  year={2020}
}

@inproceedings{kaduri2021experimental,
  title={Experimental Evaluation of Classical Multi Agent Path Finding Algorithms},
  author={Kaduri, Omri and Boyarski, Eli and Stern, Roni},
  booktitle={Proceedings of the International Symposium on Combinatorial Search},
  volume={12},
  number={1},
  pages={126--130},
  year={2021}
}

@inproceedings{silver2005cooperative,
  title={Cooperative pathfinding},
  author={Silver, David},
  booktitle={Proceedings of the aaai conference on artificial intelligence and interactive digital entertainment},
  volume={1},
  number={1},
  pages={117--122},
  year={2005}
}