@inproceedings{DROCC,
	title={DROCC: Deep Robust One-Class Classification},
	author={Sachin Goyal and Aditi Raghunathan and Moksh Jain and H. Simhadri and Prateek Jain},
	booktitle={ICML},
	year={2020}
}
@book{DLbook,
    title={Deep Learning},
    author={Ian Goodfellow and Yoshua Bengio and Aaron Courville},
    publisher={MIT Press},
    note={\url{http://www.deeplearningbook.org}, page 625},
    year={2016}
}

@inproceedings{IGD,
  title={Deep One-Class Classification via Interpolated Gaussian Descriptor},
  author={Yuanhong Chen and Yu Tian and Guansong Pang and G. Carneiro},
  booktitle={AAAI},
  year={2022}
}

@inproceedings{CutPaste,
  title={CutPaste: Self-Supervised Learning for Anomaly Detection and Localization},
  author={Chun-Liang Li and Kihyuk Sohn and Jinsung Yoon and Tomas Pfister},
  booktitle={CVPR},
  year={2021}
}

@inproceedings{PSVDD,
  title={Patch SVDD: Patch-level SVDD for Anomaly Detection and Segmentation},
  author={Jihun Yi and Sungroh Yoon},
  booktitle={ACCV},
  year={2020}
}

@inproceedings{DSR,
  title={Dsr--a dual subspace re-projection network for surface anomaly detection},
  author={Zavrtanik, Vitjan and Kristan, Matej and Sko{\v{c}}aj, Danijel},
  booktitle={European conference on computer vision},
  pages={539--554},
  year={2022},
  organization={Springer}
}

@inproceedings{NSA,
  title={Natural Synthetic Anomalies for Self-supervised Anomaly Detection and Localization},
  author={Hannah M. Schl{\"u}ter and Jeremy Tan and Benjamin Hou and Bernhard Kainz},
  booktitle={ECCV},
  year={2022}
}

@inproceedings{InTra,
  title={Inpainting Transformer for Anomaly Detection},
  author={Jonathan Pirnay and Keng Yip Chai},
  booktitle={ICIAP},
  year={2022}
}

@inproceedings{DAAD,
  title={Divide-and-Assemble: Learning Block-wise Memory for Unsupervised Anomaly Detection},
  author={Jinlei Hou and Yingying Zhang and Qiaoyong Zhong and Di Xie and Shiliang Pu and Hong Zhou},
  booktitle={ICCV},
  year={2021}
}


@article{kNN_noisy2,
  title={Boosting contrastive self-supervised learning with false negative cancellation},
  author={Huynh, Tri and Kornblith, Simon and Walter, Matthew R and Maire, Michael and Khademi, Maryam},
  journal={arXiv preprint arXiv:2011.11765},
  year={2020}
}

@inproceedings{UniAD,
  title={A Unified Model for Multi-class Anomaly Detection},
  author={Zhiyuan You and Lei Cui and Yujun Shen and Kai Yang and Xin Lu and Yu Zheng and Xinyi Le},
  booktitle={NeurIPS},
  year={2022},
}

@article{kNN_noisy,
  title={Deep k-NN for Noisy Labels},
  author={ Bahri, D. and  Gupta, M. },
  year={2020},
}

@inproceedings{SSPCAB,
  title={Self-Supervised Predictive Convolutional Attentive Block for Anomaly Detection},
  author={Nicolae-Catalin Ristea and Neelu Madan and Radu Tudor Ionescu and Kamal Nasrollahi and Fahad Shahbaz Khan and Thomas Baltzer Moeslund and Mubarak Shah},
  booktitle={CVPR},
  year={2022}
}

@inproceedings{DifferNet,
  title={Same same but differnet: Semi-supervised defect detection with normalizing flows},
  author={Rudolph, Marco and Wandt, Bastian and Rosenhahn, Bodo},
  booktitle={Proceedings of the IEEE/CVF winter conference on applications of computer vision},
  pages={1907--1916},
  year={2021}
}

@inproceedings{Cflow-ad,
  title={Cflow-ad: Real-time unsupervised anomaly detection with localization via conditional normalizing flows},
  author={Gudovskiy, Denis and Ishizaka, Shun and Kozuka, Kazuki},
  booktitle={Proceedings of the IEEE/CVF Winter Conference on Applications of Computer Vision},
  pages={98--107},
  year={2022}
}

@article{MemAE,
  title={Memorizing Normality to Detect Anomaly: Memory-Augmented Deep Autoencoder for Unsupervised Anomaly Detection},
  author={Dong Gong and Lingqiao Liu and Vuong Le and Budhaditya Saha and Moussa Reda Mansour and Svetha Venkatesh and Anton van den Hengel},
  journal={2019 IEEE/CVF International Conference on Computer Vision (ICCV)},
  year={2019},
  pages={1705-1714}
}

@article{RIAD,
  title={Reconstruction by inpainting for visual anomaly detection},
  author={Vitjan Zavrtanik and Matej Kristan and Danijel Skoaj},
  journal={Pattern Recognit.},
  year={2021},
  volume={112},
  pages={107706}
}

@article{Review,
  title={A Unifying Review of Deep and Shallow Anomaly Detection},
  author={Lukas Ruff and J. Kauffmann and Robert A. Vandermeulen and Gr{\'e}goire Montavon and W. Samek and Marius Kloft and Thomas G. Dietterich and K. Muller},
  journal={ArXiv},
  year={2020},
  volume={abs/2009.11732}
}
@inproceedings{GlowFail,
	title={Why Normalizing Flows Fail to Detect Out-of-Distribution Data},
	author={P. Kirichenko and Pavel Izmailov and A. Wilson},
	booktitle={NeurIPS},
	year={2020}
}

@inproceedings{S-T,
  title={Uninformed Students: Student-Teacher Anomaly Detection With Discriminative Latent Embeddings},
  author={Paul Bergmann and Michael Fauser and David Sattlegger and Carsten Steger},
  booktitle={CVPR},
  year={2020}
}

@inproceedings{FCDD,
  title={Explainable Deep One-Class Classification},
  author={Philipp Liznerski and Lukas Ruff and Robert A. Vandermeulen and Billy Joe Franks and M. Kloft and Klaus-Robert Muller},
  booktitle={ICLR},
  year={2021}
}

@article{KDE,
  title={On Estimation of a Probability Density Function and Mode},
  author={E. Parzen},
  journal={Annals of Mathematical Statistics},
  year={1962},
  volume={33},
  pages={1065-1076}
}
@inproceedings{AND,
  title={Latent space autoregression for novelty detection},
  author={Abati, Davide and Porrello, Angelo and Calderara, Simone and Cucchiara, Rita},
  booktitle={CVPR},
  pages={481--490},
  year={2019}
}
@inproceedings{FCN,
  title={Fully convolutional networks for semantic segmentation},
  author={Long, Jonathan and Shelhamer, Evan and Darrell, Trevor},
  booktitle={CVPR},
  pages={3431--3440},
  year={2015}
}
@inproceedings{NCE0,
  title={Learning features by contrasting natural images with noise},
  author={Gutmann, Michael and Hyv{\"a}rinen, Aapo},
  booktitle={International Conference on Artificial Neural Networks},
  year={2009}
}
@inproceedings{tanh_v,
  title={Towards evaluating the robustness of neural networks},
  author={Carlini, Nicholas and Wagner, David},
  booktitle={2017 ieee symposium on security and privacy (sp)},
  pages={39--57},
  year={2017},
  organization={IEEE}
}
@inproceedings{FirstRobust,
  title={Towards the first adversarially robust neural network model on MNIST},
  author={Lukas Schott and Jonas Rauber and M. Bethge and W. Brendel},
  booktitle={ICLR},
  year={2019}
}
@inproceedings{CoordConv,
	title={An intriguing failing of convolutional neural networks and the coordconv solution},
	author={Liu, Rosanne and Lehman, Joel and Molino, Piero and Such, Felipe Petroski and Frank, Eric and Sergeev, Alex and Yosinski, Jason},
	booktitle={NeurIPS},
	year={2018}
}

@inproceedings{NNFooled,
	title={Deep neural networks are easily fooled: High confidence predictions for unrecognizable images},
	author={Anh M Nguyen and Jason Yosinski and Jeff Clune},
	booktitle={CVPR},
	year={2015}
}

@inproceedings{LessBiased,
	title={A Less Biased Evaluation of Out-of-distribution Sample Detectors},
	author={Alireza Shafaei and Mark Schmidt and James J. Little},
	booktitle={BMVC},
	year={2019}
}

@article{align_logit,
  title={Standardized Max Logits: A Simple yet Effective Approach for Identifying Unexpected Road Obstacles in Urban-Scene Segmentation},
  author={Sanghun Jung and Jungsoo Lee and Daehoon Gwak and Sungha Choi and Jaegul Choo},
  journal={ArXiv},
  year={2021},
  volume={abs/2107.11264}
}

@inproceedings{AEfooled,
	title={Robustness of Autoencoders for Anomaly Detection Under Adversarial Impact},
	author={Adam Goodge and Bryan Hooi and See-Kiong Ng and Wee Siong Ng},
	booktitle={IJCAI},
	year={2020}
}

@inproceedings{Diversity,
  title={Diversity-Sensitive Conditional Generative Adversarial Networks},
  author={Yang, Dingdong and Hong, Seunghoon and Jang, Yunseok and Zhao, Tianchen and Lee, Honglak},
  booktitle={ICLR},
  year={2019}
}
@inproceedings{DeepSVDD,
	title={Deep one-class classification},
	author={Ruff, Lukas and Vandermeulen, Robert and Goernitz, Nico and Deecke, Lucas and Siddiqui, Shoaib Ahmed and Binder, Alexander and M{\"u}ller, Emmanuel and Kloft, Marius},
	booktitle={ICML},
	year={2018}
}
@inproceedings{InfoMax,
	title={Learning deep representations by mutual information estimation and maximization},
	author={R. Devon Hjelm and Alex Fedorov and Samuel Lavoie-Marchildon and Karan Grewal and Adam Trischler and Yoshua Bengio},
	booktitle={ICLR},
	year={2019}
}
@inproceedings{adam,
	title={Adam: A Method for Stochastic Optimization},
	author={Diederik P. Kingma and Jimmy Ba},
	booktitle={ICLR},
	year={2015}
}
@inproceedings{
	SN,
	title={Spectral Normalization for Generative Adversarial Networks},
	author={Takeru Miyato and Toshiki Kataoka and Masanori Koyama and Yuichi Yoshida},
	booktitle={ICLR},
	year={2018}
}

@article{EBGAN,
	title={Maximum Entropy Generators for Energy-Based Models},
	author={Rithesh Kumar and Anirudh Goyal and Aaron C. Courville and Yoshua Bengio},
	journal={ArXiv},
	year={2019},
	volume={abs/1901.08508}
}
@article{focal_loss,
	title={Focal Loss for Dense Object Detection},
	author={Tsung-Yi Lin and Priya Goyal and Ross B. Girshick and Kaiming He and Piotr Doll{\'a}r},
	journal={2017 IEEE International Conference on Computer Vision (ICCV)},
	year={2017},
	pages={2999-3007}
}
@inproceedings{Pooling,
  title={A comparison of five multiple instance learning pooling functions for sound event detection with weak labeling},
  author={Wang, Yun and Li, Juncheng and Metze, Florian},
  booktitle={ICASSP 2019-2019 IEEE International Conference on Acoustics, Speech and Signal Processing (ICASSP)},
  year={2019}
}
@inproceedings{ResNet,
  title={Deep residual learning for image recognition},
  author={He, Kaiming and Zhang, Xiangyu and Ren, Shaoqing and Sun, Jian},
  booktitle={CVPR},
  year={2016}
}

@article{energyOOD,
  title={Energy-based out-of-distribution detection},
  author={Liu, Weitang and Wang, Xiaoyun and Owens, John and Li, Yixuan},
  journal={Advances in neural information processing systems},
  volume={33},
  pages={21464--21475},
  year={2020}
}

@inproceedings{BackTo3dFeatures,
  title={Back to the feature: classical 3d features are (almost) all you need for 3d anomaly detection},
  author={Horwitz, Eliahu and Hoshen, Yedid},
  booktitle={Proceedings of the IEEE/CVF Conference on Computer Vision and Pattern Recognition},
  pages={2967--2976},
  year={2023}
}

@book{MRF,
  title={Markov random field modeling in computer vision},
  author={Li, Stan Z},
  year={2012},
  publisher={Springer Science \& Business Media}
}

@article{mvtec3D,
  title={The mvtec 3d-ad dataset for unsupervised 3d anomaly detection and localization},
  author={Bergmann, Paul and Jin, Xin and Sattlegger, David and Steger, Carsten},
  journal={arXiv preprint arXiv:2112.09045},
  year={2021}
}

@inproceedings{zhang2023prototypical,
  title={Prototypical residual networks for anomaly detection and localization},
  author={Zhang, Hui and Wu, Zuxuan and Wang, Zheng and Chen, Zhineng and Jiang, Yu-Gang},
  booktitle={Proceedings of the IEEE/CVF Conference on Computer Vision and Pattern Recognition},
  pages={16281--16291},
  year={2023}
}

@article{hyun2023reconpatch,
  title={ReConPatch: Contrastive Patch Representation Learning for Industrial Anomaly Detection},
  author={Hyun, Jeeho and Kim, Sangyun and Jeon, Giyoung and Kim, Seung Hwan and Bae, Kyunghoon and Kang, Byung Jun},
  journal={arXiv preprint arXiv:2305.16713},
  year={2023}
}

@inproceedings{stableGAN,
	title={Which Training Methods for GANs do actually Converge?},
	author={Lars M. Mescheder and Andreas Geiger and Sebastian Nowozin},
	booktitle={ICML},
	year={2018}
}
@inproceedings{UNet,
	title={U-net: Convolutional networks for biomedical image segmentation},
	author={Ronneberger, Olaf and Fischer, Philipp and Brox, Thomas},
	booktitle={International Conference on Medical image computing and computer-assisted intervention},
	year={2015}
}
@inproceedings{MINE,
	title={Mutual Information Neural Estimation},
	author={Mohamed Ishmael Belghazi and Aristide Baratin and Sai Rajeswar and Sherjil Ozair and Yoshua Bengio and R. Devon Hjelm and Aaron C. Courville},
	booktitle={ICML},
	year={2018}
}
@inproceedings{
	ConfidentClassifier,
	title={Training Confidence-calibrated Classifiers for Detecting Out-of-Distribution Samples},
	author={Kimin Lee and Honglak Lee and Kibok Lee and Jinwoo Shin},
	booktitle={ICLR},
	year={2018}
}
@inproceedings{ODIN,
	title={Enhancing The Reliability of Out-of-distribution Image Detection in Neural Networks},
	author={Shiyu Liang and Yixuan Li and R. Srikant},
	booktitle={ICLR},
	year={2018}
}

%GPND(AAE)
@inproceedings{Pidhorskyi2018GenerativePN,
	title={Generative Probabilistic Novelty Detection with Adversarial Autoencoders},
	author={Stanislav Pidhorskyi and Ranya Almohsen and Gianfranco Doretto},
	booktitle={NeurIPS},
	year={2018}
}
@inproceedings{ssood,
	title={Using self-supervised learning can improve model robustness and uncertainty},
	author={Hendrycks, Dan and Mazeika, Mantas and Kadavath, Saurav and Song, Dawn},
	booktitle={NeurIPS},
	year={2019}
}
%ComplentaryGAN
@inproceedings{Zheng2018OneClassAN,
	title={One-Class Adversarial Nets for Fraud Detection},
	author={Panpan Zheng and Shuhan Yuan and Xintao Wu and Jun Yu Li and Aidong Lu},
	booktitle={AAAI},
	year={2018}
}
@inproceedings{baseline_ood,
	title={A baseline for detecting misclassified and out-of-distribution examples in neural networks},
	author={Hendrycks, Dan and Gimpel, Kevin},
	booktitle={ICLR},
	year={2017}
}

@inproceedings{CIFAR10,
  title={Learning Multiple Layers of Features from Tiny Images},
  author={A. Krizhevsky},
  year={2009}
}
@inproceedings{PatchSVDD,
  title={Patch SVDD: Patch-level SVDD for Anomaly Detection and Segmentation},
  author={Jihun Yi and S. Yoon},
  booktitle={ACCV},
  year={2020}
}
@inproceedings{AmbientGAN,
	title={AmbientGAN: Generative models from lossy measurements},
	author={Ashish Bora and Eric Price and Alexandros G. Dimakis},
	booktitle={ICLR},
	year={2018}
}
@inproceedings{MVTecAD,
	title={MVTec AD--A Comprehensive Real-World Dataset for Unsupervised Anomaly Detection},
	author={Bergmann, Paul and Fauser, Michael and Sattlegger, David and Steger, Carsten},
	booktitle={CVPR},
	year={2019}
}

@inproceedings{PatchCore,
  title={Towards total recall in industrial anomaly detection},
  author={Roth, Karsten and Pemula, Latha and Zepeda, Joaquin and Sch{\"o}lkopf, Bernhard and Brox, Thomas and Gehler, Peter},
  booktitle={Proceedings of the IEEE/CVF Conference on Computer Vision and Pattern Recognition},
  pages={14318--14328},
  year={2022}
}

@inproceedings{ImageNet10,
  title={ImageNet: A large-scale hierarchical image database},
  author={Jia Deng and W. Dong and R. Socher and L. Li and K. Li and Li Fei-Fei},
  booktitle={CVPR},
  year={2009}
}
%OutlierExposure
@inproceedings{OE,
	title={Deep Anomaly Detection with Outlier Exposure},
	author={Dan Hendrycks and Mantas Mazeika and Thomas G. Dietterich},
	booktitle={ICLR},
	year={2018}
}
@inproceedings{GAN,
  title={Generative Adversarial Nets},
  author={Ian J. Goodfellow and Jean Pouget-Abadie and M. Mirza and Bing Xu and David Warde-Farley and Sherjil Ozair and Aaron C. Courville and Yoshua Bengio},
  booktitle={NIPS},
  year={2014}
}
%AnoGAN
@inproceedings{AnoGAN,
	title={Unsupervised Anomaly Detection with Generative Adversarial Networks to Guide Marker Discovery},
	author={Thomas Schlegl and Philipp Seeb{\"o}ck and Sebastian M. Waldstein and Ursula M Schmidt-Erfurth and Georg Langs},
	booktitle={IPMI},
	year={2017}
}
%GANomaly
@inproceedings{GANomaly,
	title={Ganomaly: Semi-supervised anomaly detection via adversarial training},
	author={Akcay, Samet and Atapour-Abarghouei, Amir and Breckon, Toby P},
	booktitle={ACCV},
	year={2018}
}
%VAE
@inproceedings{VAE,
title={Variational Autoencoder based Anomaly Detection using Reconstruction Probability},
author={Jinwon An and Sungzoon Cho},
booktitle={SNU Data Mining Center, Tech. Rep.},
year={2015}
}
%ASG
@inproceedings{ASG,
  title={Open-Category Classification by Adversarial Sample Generation},
  author={Yang Yu and Wei-Yang Qu and Nan Li and Zimin Guo},
  booktitle={IJCAI},
  year={2017}
}
%EGBAD
@article{EGBAD,
	title={Efficient GAN-Based Anomaly Detection},
	author={Houssam Zenati and Chuan Sheng Foo and Bruno Lecouat and Gaurav Manek and Vijay Ramaseshan Chandrasekhar},
	journal={ArXiv},
	year={2018},
	volume={abs/1802.06222}
}
%AnnealedIS
@article{Neal1998AnnealedIS,
  title={Annealed importance sampling},
  author={Radford M. Neal},
  journal={Statistics and Computing},
  year={1998},
  volume={11},
  pages={125-139}
}
@inproceedings{app1,
	title={A primitive study on unsupervised anomaly detection with an autoencoder in emergency head CT volumes},
	author={Sato, Daisuke and Hanaoka, Shouhei and Nomura, Yukihiro and Takenaga, Tomomi and Miki, Soichiro and Yoshikawa, Takeharu and Hayashi, Naoto and Abe, Osamu},
	booktitle={Medical Imaging 2018: Computer-Aided Diagnosis},
	year={2018}
}
@article{ExposingOE,
  title={Exposing outlier exposure: What can be learned from few, one, and zero outlier images},
  author={Liznerski, Philipp and Ruff, Lukas and Vandermeulen, Robert A and Franks, Billy Joe and M{\"u}ller, Klaus-Robert and Kloft, Marius},
  journal={arXiv preprint arXiv:2205.11474},
  year={2022}
}
@article{app2,
	title={An overview of deep learning based methods for unsupervised and semi-supervised anomaly detection in videos},
	author={Kiran, B and Thomas, Dilip and Parakkal, Ranjith},
	journal={Journal of Imaging},
	volume={4},
	number={2},
	pages={36},
	year={2018},
	publisher={Multidisciplinary Digital Publishing Institute}
}
@inproceedings{AttentionNotNeed,
  title={Attention is not all you need: Pure attention loses rank doubly exponentially with depth},
  author={Dong, Yihe and Cordonnier, Jean-Baptiste and Loukas, Andreas},
  booktitle={International Conference on Machine Learning},
  pages={2793--2803},
  year={2021},
  organization={PMLR}
}

@inproceedings{DAE,
  title={Extracting and composing robust features with denoising autoencoders},
  author={Vincent, Pascal and Larochelle, Hugo and Bengio, Yoshua and Manzagol, Pierre-Antoine},
  booktitle={Proceedings of the 25th international conference on Machine learning},
  pages={1096--1103},
  year={2008}
}

%BagNet
@inproceedings{BagNet,
  title={Approximating CNNs with Bag-of-local-Features models works surprisingly well on ImageNet},
  author={Wieland Brendel and Matthias Bethge},
  booktitle={ICLR},
  year={2019}
}
%Stiffness
@article{Fort2019StiffnessAN,
	title={Stiffness: A New Perspective on Generalization in Neural Networks},
	author={Stanislav Fort and Pawel Krzysztof Nowak and Srini Narayanan},
	journal={ArXiv},
	year={2019},
	volume={abs/1901.09491}
}
@inproceedings{LRGDAN,
  title={Latent Regularized Generative Dual Adversarial Network For Abnormal Detection},
  author={Chengwei Chen and Jing Liu and Yuan Xie and Yin Xiao Ban and C. Wu and Y. Tao and Haichuan Song},
  booktitle={IJCAI},
  year={2020}
}
@inproceedings{StyleGAN2,
  title={Analyzing and improving the image quality of stylegan},
  author={Karras, Tero and Laine, Samuli and Aittala, Miika and Hellsten, Janne and Lehtinen, Jaakko and Aila, Timo},
  booktitle={CVPR},
  year={2020}
}
%PixelCNN
@inproceedings{PixelCNN,
	title={Conditional Image Generation with PixelCNN Decoders},
	author={Aaron van den Oord and Nal Kalchbrenner and Oriol Vinyals and Lasse Espeholt and Alex Graves and Koray Kavukcuoglu},
	booktitle={NeurIPS},
	year={2016}
}
%PixelRNN
@inproceedings{PixelRNN,
	title={Pixel Recurrent Neural Networks},
	author={A{\"a}ron van den Oord and Nal Kalchbrenner and Koray Kavukcuoglu},
	booktitle={ICML},
	year={2016}
}

@InProceedings{DRAEM,
    author    = {Zavrtanik, Vitjan and Kristan, Matej and Sko\v{c}aj, Danijel},
    title     = {DRAEM - A Discriminatively Trained Reconstruction Embedding for Surface Anomaly Detection},
    booktitle = {Proceedings of the IEEE/CVF International Conference on Computer Vision (ICCV)},
    month     = {October},
    year      = {2021},
    pages     = {8330-8339}
}

@inproceedings{GradPU,
  title={GradPU: positive-unlabeled learning via gradient penalty and positive upweighting},
  author={Dai, Songmin and Li, Xiaoqiang and Zhou, Yue and Ye, Xichen and Liu, Tong},
  booktitle={Proceedings of the AAAI Conference on Artificial Intelligence},
  year={2023}
}

%OODGen
@article{OODGen,
	title={Out-of-distribution Detection in Classifiers via Generation},
	author={Sachin Vernekar and Ashish Gaurav and Vahdat Abdelzad and Taylor Denouden and Rick Salay and Krzysztof Czarnecki},
	journal={NeurIPS workshop},
	year={2019}
}
@inproceedings{PT,
  title={Energy-based generative adversarial networks},
  author={Zhao, Junbo and Mathieu, Michael and LeCun, Yann},
  booktitle={ICLR},
  year={2017}
}

@inproceedings{MSGGAN,
  title={MSG-GAN: Multi-Scale Gradients for Generative Adversarial Networks},
  author={Animesh Karnewar and Oliver Wang},
  booktitle={CVPR},
  year={2020}
}


%FRAME
@article{zhu1998filters,
	title={Filters, random fields and maximum entropy (FRAME): Towards a unified theory for texture modeling},
	author={Zhu, Song Chun and Wu, Yingnian and Mumford, David},
	journal={IJCV},
	volume={27},
	number={2},
	pages={107--126},
	year={1998},
	publisher={Springer}
}

@inproceedings{PaDiM,
  title={PaDiM: a Patch Distribution Modeling Framework for Anomaly Detection and Localization},
  author={Thomas Defard and Aleksandr Setkov and Angelique Loesch and Romaric Audigier},
  booktitle={ICPR Workshops},
  year={2020}
}

@article{SPADE,
  title={Sub-Image Anomaly Detection with Deep Pyramid Correspondences},
  author={Niv Cohen and Yedid Hoshen},
  journal={ArXiv},
  year={2020},
  volume={abs/2005.02357}
}

@article{fastflow,
  title={Fastflow: Unsupervised anomaly detection and localization via 2d normalizing flows},
  author={Yu, Jiawei and Zheng, Ye and Wang, Xiang and Li, Wei and Wu, Yushuang and Zhao, Rui and Wu, Liwei},
  journal={arXiv preprint arXiv:2111.07677},
  year={2021}
}

@article{align_NLL,
  title={The Fishyscapes Benchmark: Measuring Blind Spots in Semantic Segmentation},
  author={Hermann Blum and Paul-Edouard Sarlin and Juan I. Nieto and Roland Y. Siegwart and C{\'e}sar Cadena},
  journal={IJCV},
  year={2021},
  volume={129},
  pages={3119-3135}
}

@inproceedings{AE1,
	title={Deep Autoencoding Models for Unsupervised Anomaly Segmentation in Brain MR Images},
	author={Christoph Baur and Benedikt Wiestler and Shadi Albarqouni and Nassir Navab},
	booktitle={BrainLes@MICCAI},
	year={2018}
}
@article{AE2,
	title={Detecting anomalous data using auto-encoders},
	author={Andrews, Jerone TA and Morton, Edward J and Griffin, Lewis D},
	journal={International Journal of Machine Learning and Computing},
	volume={6},
	number={1},
	pages={21},
	year={2016},
	publisher={IACSIT Press}
}
%PSGAN
@inproceedings{PSGAN,
	title={Learning Texture Manifolds with the Periodic Spatial GAN},
	author={Urs Bergmann and Nikolay Jetchev and Roland Vollgraf},
	booktitle={ICML},
	year={2017}
}
%Ratio
@inproceedings{Ratio,
	title={Likelihood Ratios for Out-of-Distribution Detection},
	author={Jie Ren and Peter J. Liu and Emily Fertig and Jasper Snoek and Ryan Poplin and Mark A. DePristo and Joshua V. Dillon and Balaji Lakshminarayanan},
	booktitle={NeurIPS},
	year={2019}
}
@inproceedings{GPND,
	title={Generative probabilistic novelty detection with adversarial autoencoders},
	author={Pidhorskyi, Stanislav and Almohsen, Ranya and Doretto, Gianfranco},
	booktitle={NeurIPS},
	year={2018}
}
@inproceedings{
	GOAD,
	title={Classification-Based Anomaly Detection for General Data},
	author={Liron Bergman and Yedid Hoshen},
	booktitle={ICLR},
	year={2020}
}

%ALOCC
@inproceedings{ALOCC,
	title={Adversarially learned one-class classifier for novelty detection},
	author={Sabokrou, Mohammad and Khalooei, Mohammad and Fathy, Mahmood and Adeli, Ehsan},
	booktitle={CVPR},
	year={2018}
}
@inproceedings{ConAD,
	title={Anomaly Detection With Multiple-Hypotheses Predictions},
	author={Nguyen, Duc Tam and Lou, Zhongyu and Klar, Michael and Brox, Thomas},
	booktitle={ICML},
	year={2019}
}

%Texture
@inproceedings{Texture,
	title={Texture synthesis by non-parametric sampling},
	author={Efros, Alexei A and Leung, Thomas K},
	booktitle={ICCV},
	year={1999}
}
@article{CPC,
  title={Representation Learning with Contrastive Predictive Coding},
  author={A. Oord and Y. Li and Oriol Vinyals},
  journal={ArXiv},
  year={2018},
  volume={abs/1807.03748}
}
%Survey
@article{Survey,
	title={Deep learning for anomaly detection: A survey},
	author={Chalapathy, Raghavendra and Chawla, Sanjay},
	journal={arXiv preprint arXiv:1901.03407},
	year={2019}
}
@article{OCSVM,
	title={Estimating the support of a high-dimensional distribution},
	author={Sch{\"o}lkopf, Bernhard and Platt, John C and Shawe-Taylor, John and Smola, Alex J and Williamson, Robert C},
	journal={Neural computation},
	volume={13},
	number={7},
	pages={1443--1471},
	year={2001},
	publisher={MIT Press}
}

@inproceedings{complexity,
	title={Input complexity and out-of-distribution detection with likelihood-based generative models},
	author={Joan Serr{\`a} and David {\'A}lvarez and Vicenç G{\'o}mez and Olga Slizovskaia and Jos{\'e} F. N{\'u}{\~n}ez and Jordi Luque},
	booktitle={ICLR},
	year={2020}
}
%OCGAN
@inproceedings{OCGAN,
	title={OCGAN: One-class Novelty Detection Using GANs with Constrained Latent Representations},
	author={Pramuditha Perera and Ramesh Nallapati and Bing Xiang and NONE},
	booktitle={CVPR},
	year={2019}
}
%AnoVAEGAN
@inproceedings{AnoVAEGAN,
	title={Deep Autoencoding Models for Unsupervised Anomaly Segmentation in Brain MR Images},
	author={Christoph Baur and Benedikt Wiestler and Shadi Albarqouni and Nassir Navab},
	booktitle={BrainLes@MICCAI},
	year={2018}
}

%NCE
@inproceedings{NCE,
	title={Noise-contrastive estimation: A new estimation principle for unnormalized statistical models},
	author={Gutmann, Michael and Hyv{\"a}rinen, Aapo},
	booktitle={Proceedings of the Thirteenth International Conference on Artificial Intelligence and Statistics},
	year={2010}
}
@inproceedings{DoGMsKnow,
	title={Do Deep Generative Models Know What They Don't Know?},
	author={Eric T. Nalisnick and Akihiro Matsukawa and Yee Whye Teh and Dilan G{\"o}r{\"u}r and Balaji Lakshminarayanan},
	booktitle={ICLR},
	year={2018}
}

%fAnoGAN
@article{fAnoGAN,
	title={f-AnoGAN: Fast unsupervised anomaly detection with generative adversarial networks},
	author={Thomas Schlegl and Philipp Seeb{\"o}ck and Sebastian M. Waldstein and Georg Langs and Ursula M Schmidt-Erfurth},
	journal={Medical image analysis},
	year={2019},
	volume={54},
	pages={
	30-44
	}
}
%WAIC
@article{WAIC,
	title={Waic, but why? generative ensembles for robust anomaly detection},
	author={Choi, Hyunsun and Jang, Eric and Alemi, Alexander A},
	journal={arXiv preprint arXiv:1810.01392},
	year={2018}
}

%Relu
@inproceedings{Relu,
	title={Why ReLU networks yield high-confidence predictions far away from the training data and how to mitigate the problem},
	author={Matthias Hein and Maksym Andriushchenko and Julian Bitterwolf},
	booktitle={CVPR},
	year={2018}
}
%ComplentaryGAN
@inproceedings{ComplentaryGAN,
	title={One-Class Adversarial Nets for Fraud Detection},
	author={Panpan Zheng and Shuhan Yuan and Xintao Wu and Jun Yu Li and Aidong Lu},
	booktitle={AAAI},
	year={2018}
}
%SinGAN
@inproceedings{SinGAN,
	title={SinGAN: Learning a Generative Model from a Single Natural Image},
	author={Tamar Rott Shaham and Tali Dekel and Tomer Michaeli},
	booktitle={ICCV},
	year={2019}
}
%pix2pix
@inproceedings{pix2pix,
	title={Image-to-image translation with conditional adversarial networks},
	author={Isola, Phillip and Zhu, Jun-Yan and Zhou, Tinghui and Efros, Alexei A},
	booktitle={CVPR},
	year={2017}
}
%MarkovianGAN
@inproceedings{MarkovianGAN,
	title={Precomputed real-time texture synthesis with markovian generative adversarial networks},
	author={Li, Chuan and Wand, Michael},
	booktitle={ECCV},
	year={2016}
}

@inproceedings{CSI,
    title={Csi: Novelty detection via contrastive learning on distributionally shifted instances},
    author={Tack, Jihoon and Mo, Sangwoo and Jeong, Jongheon and Shin, Jinwoo},
	booktitle={NeurIPS},
	year={2020}
}

@inproceedings{Rot,
  title={Using self-supervised learning can improve model robustness and uncertainty},
  author={Hendrycks, Dan and Mazeika, Mantas and Kadavath, Saurav and Song, Dawn},
  booktitle={NeurIPS},
  year={2019}
}

@inproceedings{Geom,
  title={Deep anomaly detection using geometric transformations},
  author={Golan, Izhak and El-Yaniv, Ran},
  booktitle={NeurIPS},
  year={2018}
}
%=====================================================
%NotAcceptYet
@article{tong2019lipschitz,
	title={A Lipschitz-constrained anomaly discriminator framework},
	author={Tong, Alexander and Wolf, Guy and Krishnaswamy, Smita},
	journal={arXiv preprint arXiv:1905.10710},
	year={2019}
}
@article{Ngo2019FenceGT,
	title={Fence GAN: Towards Better Anomaly Detection},
	author={Cuong Phuc Ngo and Amadeus Aristo Winarto and Connie Khor Li Kou and Sojeong Park and Farhan Akram and Hwee Kuan Lee},
	journal={ArXiv},
	year={2019},
	volume={abs/1904.01209}
}

@article{DADF,
  title={Visual Anomaly Detection via Dual-Attention Transformer and Discriminative Flow},
  author={Yao, Haiming and Luo, Wei and Yu, Wenyong},
  journal={arXiv preprint arXiv:2303.17882},
  year={2023}
}

@article{SINBAD,
  title={Set features for fine-grained anomaly detection},
  author={Tzachor, Niv Cohen and Hoshen, Yedid},
  journal={arXiv preprint arXiv:2302.12245},
  year={2023}
}

@article{SLSG,
  title={SLSG: Industrial Image Anomaly Detection by Learning Better Feature Embeddings and One-Class Classification},
  author={Yang, Minghui and Liu, Jing and Yang, Zhiwei and Wu, Zhaoyang},
  journal={arXiv preprint arXiv:2305.00398},
  year={2023}
}

@article{DDPM,
  title={Denoising diffusion probabilistic models},
  author={Ho, Jonathan and Jain, Ajay and Abbeel, Pieter},
  journal={Advances in Neural Information Processing Systems},
  volume={33},
  pages={6840--6851},
  year={2020}
}

@inproceedings{gulrajani2017improved,
	title={Improved training of wasserstein gans},
	author={Gulrajani, Ishaan and Ahmed, Faruk and Arjovsky, Martin and Dumoulin, Vincent and Courville, Aaron C},
	booktitle={Annual Conference on Neural Information Processing Systems (NeurIPS)},
	year={2017}
}



@article{MVloco,
  title={Beyond dents and scratches: Logical constraints in unsupervised anomaly detection and localization},
  author={Bergmann, Paul and Batzner, Kilian and Fauser, Michael and Sattlegger, David and Steger, Carsten},
  journal={International Journal of Computer Vision},
  volume={130},
  number={4},
  pages={947--969},
  year={2022},
  publisher={Springer}
}

@article{Oord2018RepresentationLW,
  title={Representation Learning with Contrastive Predictive Coding},
  author={A{\"a}ron van den Oord and Yazhe Li and Oriol Vinyals},
  journal={ArXiv},
  year={2018},
  volume={abs/1807.03748}
}
%TowardsNN
@article{Meinke2019TowardsNN,
  title={Towards neural networks that provably know when they don't know},
  author={Alexander Meinke and Matthias Hein},
  journal={ArXiv},
  year={2019},
  volume={abs/1909.12180}
}

@article{Ren2019LikelihoodRF,
  title={Likelihood Ratios for Out-of-Distribution Detection},
  author={Jie Ren and Peter J. Liu and Emily Fertig and Jasper Snoek and Ryan Poplin and Mark A. DePristo and Joshua V. Dillon and Balaji Lakshminarayanan},
  journal={ArXiv},
  year={2019},
  volume={abs/1906.02845}
}
@article{SemiCPC,
	title={Data-efficient image recognition with contrastive predictive coding},
	author={H{\'e}naff, Olivier J and Razavi, Ali and Doersch, Carl and Eslami, SM and Oord, Aaron van den},
	journal={arXiv preprint arXiv:1905.09272},
	year={2019}
}

@inproceedings{arjovsky2017towards,
	title={Towards principled methods for training generative adversarial networks},
	author={Arjovsky, Martin and Bottou, L{\'e}on},
	booktitle={International Conference on Learning Representations (ICLR)},
	year={2017}
}

@inproceedings{inputGrad,
    title={Improving the adversarial robustness and interpretability of deep neural networks by regularizing their input gradients},
    author={Ross, Andrew and Doshi-Velez, Finale},
    booktitle={Proceedings of the AAAI Conference on Artificial Intelligence (AAAI)},
    year={2018}
}