@inproceedings{kaduri2021experimental,
  title={Experimental evaluation of classical multi agent path finding algorithms},
  author={Kaduri, Omri and Boyarski, Eli and Stern, Roni},
  booktitle={Proceedings of the International Symposium on Combinatorial Search},
  volume={12},
  number={1},
  pages={126--130},
  year={2021}
}

@inproceedings{kaduri2020algorithm,
  title={Algorithm selection for optimal multi-agent pathfinding},
  author={Kaduri, Omri and Boyarski, Eli and Stern, Roni},
  booktitle={Proceedings of the International Conference on Automated Planning and Scheduling},
  volume={30},
  pages={161--165},
  year={2020}
}

@inproceedings{rozemberczki2020characteristic,
  title={Characteristic functions on graphs: Birds of a feather, from statistical descriptors to parametric models},
  author={Rozemberczki, Benedek and Sarkar, Rik},
  booktitle={ACM international conference on information \& knowledge management},
  pages={1325--1334},
  year={2020}
}

@inproceedings{xinyi2018capsule,
  title={Capsule graph neural network},
  author={Xinyi, Zhang and Chen, Lihui},
  booktitle={International conference on learning representations},
  year={2018}
}

@inproceedings{hinton2018matrix,
  title={Matrix capsules with EM routing},
  author={Hinton, Geoffrey E and Sabour, Sara and Frosst, Nicholas},
  booktitle={International conference on learning representations},
  year={2018}
}



@inproceedings{chen2016xgboost,
  title={Xgboost: A scalable tree boosting system},
  author={Chen, Tianqi and Guestrin, Carlos},
  booktitle={Proceedings of the 22nd acm sigkdd international conference on knowledge discovery and data mining},
  pages={785--794},
  year={2016}
}


@inproceedings{alkazzi2022mapfaster,
  title={MAPFASTER: A Faster and Simpler take on Multi-Agent Path Finding Algorithm Selection},
  author={Alkazzi, Jean-Marc and Rizk, Anthony and Salomon, Michel and Makhoul, Abdallah},
  booktitle={IEEE/RSJ International Conference on Intelligent Robots and Systems (IROS)},
  pages={10088--10093},
  year={2022}
}


@inproceedings{ren2021mapfast,
  author       = {Jingyao Ren and
                  Vikraman Sathiyanarayanan and
                  Eric Ewing and
                  Baskin Senbaslar and
                  Nora Ayanian},
  editor       = {Frank Dignum and
                  Alessio Lomuscio and
                  Ulle Endriss and
                  Ann Now{\'{e}}},
  title        = {{MAPFAST:} {A} Deep Algorithm Selector for Multi Agent Path Finding
                  using Shortest Path Embeddings},
  booktitle    = {International Conference on Autonomous Agents and
                  Multiagent Systems ({AAMAS})},
  pages        = {1055--1063},
  year         = {2021}
}



@article{wurman2008coordinating,
  title={Coordinating hundreds of cooperative, autonomous vehicles in warehouses},
  author={Wurman, Peter R and D'Andrea, Raffaello and Mountz, Mick},
  journal={AI magazine},
  volume={29},
  number={1},
  pages={9--9},
  year={2008}
}


@inproceedings{veloso2015cobots,
  title={CoBots: Robust Symbiotic Autonomous Mobile Service Robots},
  author={Veloso, Manuela M and Biswas, Joydeep and Coltin, Brian and Rosenthal, Stephanie},
  booktitle={International Joint Conference on Artificial Intelligence (IJCAI)},
  year={2015}
}


@inproceedings{anOptimization2010surynek,
  title={An Optimization Variant of Multi-Robot Path Planning Is Intractable},
  author={Surynek, Pavel},
  booktitle={AAAI},
  year={2010}
}
@inproceedings{structure2013yu,
  author    = {Jingjin Yu and
               Steven M. LaValle},
  title     = {Structure and Intractability of Optimal Multi-Robot Path
               Planning on Graphs},
  booktitle = {AAAI},
  year      = {2013},
}



@inproceedings{kornhauser1984pebble, 
author={Daniel Kornhauser, Gary Miller, Paul Spirakis}, 
title={Coordinating pebble motion on graphs, the diameter of permutation groups, and applications}, 
booktitle ={FOCS},
pages={241--250},
year={1984}
}


@inproceedings{surynek2009novel,
  title={A novel approach to path planning for multiple robots in bi-connected graphs},
  author={Surynek, Pavel},
  booktitle={IEEE International Conference on Robotics and Automation},
  pages={3613--3619},
  year={2009}
}



@article{goldenberg2014enhanced,
  author       = {Meir Goldenberg and
                  Ariel Felner and
                  Roni Stern and
                  Guni Sharon and
                  Nathan R. Sturtevant and
                  Robert C. Holte and
                  Jonathan Schaeffer},
  title        = {Enhanced Partial Expansion {A*}},
  journal      = {J. Artif. Intell. Res.},
  volume       = {50},
  pages        = {141--187},
  year         = {2014}
}

@article{lam2022branch,
  title={Branch-and-cut-and-price for multi-agent path finding},
  author={Lam, Edward and Le Bodic, Pierre and Harabor, Daniel and Stuckey, Peter J},
  journal={Computers \& Operations Research},
  volume={144},
  pages={105809},
  year={2022}
}


@article{li2021pairwise,
  title={Pairwise symmetry reasoning for multi-agent path finding search},
  author={Li, Jiaoyang and Harabor, Daniel and Stuckey, Peter J and Ma, Hang and Gange, Graeme and Koenig, Sven},
  journal={Artificial Intelligence},
  volume={301},
  pages={103574},
  year={2021}
}


@incollection{rice1976algorithm,
  title={The algorithm selection problem},
  author={Rice, John R},
  booktitle={Advances in computers},
  volume={15},
  pages={65--118},
  year={1976}
}


@article{kerschke2019automated,
  title={Automated algorithm selection: Survey and perspectives},
  author={Kerschke, Pascal and Hoos, Holger H and Neumann, Frank and Trautmann, Heike},
  journal={Evolutionary computation},
  volume={27},
  number={1},
  pages={3--45},
  year={2019}
}



@inproceedings{you2020cross,
  title={Cross-modality attention with semantic graph embedding for multi-label classification},
  author={You, Renchun and Guo, Zhiyao and Cui, Lei and Long, Xiang and Bao, Yingze and Wen, Shilei},
  booktitle={AAAI conference on artificial intelligence},
  volume={34},
  number={07},
  pages={12709--12716},
  year={2020}
}



@article{andreychuk2022multi,
  title={Multi-agent pathfinding with continuous time},
  author={Andreychuk, Anton and Yakovlev, Konstantin and Surynek, Pavel and Atzmon, Dor and Stern, Roni},
  journal={Artificial Intelligence},
  year={2022}
}
@inproceedings{li2019multi,
  title={Multi-agent path finding for large agents},
  author={Li, Jiaoyang and Surynek, Pavel and Felner, Ariel and Ma, Hang and Kumar, TK Satish and Koenig, Sven},
  booktitle={AAAI Conference on Artificial Intelligence},
  volume={33},
  number={01},
  pages={7627--7634},
  year={2019}
}

@inproceedings{atzmon2020generalizing,
  title={Generalizing multi-agent path finding for heterogeneous agents},
  author={Atzmon, Dor and Zax, Yonathan and Kivity, Einat and Avitan, Lidor and Morag, Jonathan and Felner, Ariel},
  booktitle={International Symposium on Combinatorial Search (SoCS)},
  volume={11},
  number={1},
  pages={101--105},
  year={2020}
}


@article{sigurdson2019automatic,
  title={Automatic algorithm selection in multi-agent pathfinding},
  author={Sigurdson, Devon and Bulitko, Vadim and Koenig, Sven and Hernandez, Carlos and Yeoh, William},
  journal={arXiv:1906.03992},
  year={2019}
}


@article{narayanan2017graph2vec,
  title={{Graph2Vec}: Learning distributed representations of graphs},
  author={Narayanan, Annamalai and Chandramohan, Mahinthan and Venkatesan, Rajasekar and Chen, Lihui and Liu, Yang and Jaiswal, Shantanu},
  journal={arXiv:1707.05005},
  year={2017}
}


@inproceedings{stern2019multi,
  title={Multi-agent pathfinding: Definitions, variants, and benchmarks},
  author={Stern, Roni and Sturtevant, Nathan and Felner, Ariel and Koenig, Sven and Ma, Hang and Walker, Thayne and Li, Jiaoyang and Atzmon, Dor and Cohen, Liron and Kumar, TK and others},
  booktitle={International Symposium on Combinatorial Search},
  volume={10},
  number={1},
  pages={151--158},
  year={2019}
}


@article{sharon2015conflict,
  title={Conflict-based search for optimal multi-agent pathfinding},
  author={Sharon, Guni and Stern, Roni and Felner, Ariel and Sturtevant, Nathan R},
  journal={Artificial Intelligence},
  volume={219},
  pages={40--66},
  year={2015}
}

@inproceedings{felner2018adding,
  title={Adding heuristics to conflict-based search for multi-agent path finding},
  author={Felner, Ariel and Li, Jiaoyang and Boyarski, Eli and Ma, Hang and Cohen, Liron and Kumar, TK Satish and Koenig, Sven},
  booktitle={International Conference on Automated Planning and Scheduling},
  volume={28},
  pages={83--87},
  year={2018}
}


@inproceedings{gange2019lazy,
  title={Lazy CBS: implicit conflict-based search using lazy clause generation},
  author={Gange, Graeme and Harabor, Daniel and Stuckey, Peter J},
  booktitle={International Conference on Automated Planning and Scheduling},
  volume={29},
  pages={155--162},
  year={2019}
}

@article{sharon2013increasing,
  title={The increasing cost tree search for optimal multi-agent pathfinding},
  author={Sharon, Guni and Stern, Roni and Goldenberg, Meir and Felner, Ariel},
  journal={Artificial intelligence},
  volume={195},
  pages={470--495},
  year={2013}
}

@inproceedings{surynek2016efficient,
  title={Efficient SAT approach to multi-agent path finding under the sum of costs objective},
  author={Surynek, Pavel and Felner, Ariel and Stern, Roni and Boyarski, Eli},
  booktitle={European conference on artificial intelligence},
  pages={810--818},
  year={2016}
}

@article{goyal2018graph,
  title={Graph embedding techniques, applications, and performance: A survey},
  author={Goyal, Palash and Ferrara, Emilio},
  journal={Knowledge-Based Systems},
  volume={151},
  pages={78--94},
  year={2018}
}


@article{sturtevant2012benchmarks,
  title={Benchmarks for Grid-Based Pathfinding},
  author={Sturtevant, N.},
  journal={Transactions on Computational Intelligence and AI in Games},
  volume={4},
  number={2},
  pages={144 -- 148},
  year={2012},
  url = {http://web.cs.du.edu/~sturtevant/papers/benchmarks.pdf},
}