@article{Bregman67The,
	author    = {L.M. Bregman},
	title     = {The relaxation method of finding the common point of convex sets and its application to the solution of problems in convex programming},
	journal   = {USSR Computational Mathematics and Mathematical Physics},
	volume    = {7},
	number    = {3},
	pages     = {200--217},
	year      = {1967}
}

@article{BolteSTV18First,
	author    = {J{\'{e}}r{\^{o}}me Bolte and
	Shoham Sabach and
	Marc Teboulle and
	Yakov Vaisbourd},
	title     = {First Order Methods Beyond Convexity and {L}ipschitz Gradient Continuity
	with Applications to Quadratic Inverse Problems},
	journal   = {SIAM Journal on Optimization},
	volume    = {28},
	number    = {3},
	pages     = {2131--2151},
	year      = {2018}
}

@article{AuslenderT06,
	author    = {Alfred Auslender and
	Marc Teboulle},
	title     = {Interior Gradient and Proximal Methods for Convex and Conic Optimization},
	journal   = {SIAM Journal on Optimization},
	volume    = {16},
	number    = {3},
	pages     = {697--725},
	year      = {2006}
}

@inproceedings{DefazioBL14,
	author    = {Aaron Defazio and
	Francis R. Bach and
	Simon Lacoste{-}Julien},
	title     = {{SAGA:} {A} Fast Incremental Gradient Method With Support for Non-Strongly
	Convex Composite Objectives},
	booktitle = {Advances in Neural Information Processing Systems 27},
	pages     = {1646--1654},
	year      = {2014}
}

@inproceedings{JohnsonZ2013,
	author    = {Rie Johnson and
	Tong Zhang},
	title     = {Accelerating Stochastic Gradient Descent using Predictive Variance
	Reduction},
	booktitle = {Advances in Neural Information Processing Systems 26},
	pages     = {315--323},
	year      = {2013}
}

@inproceedings{NguyenLST17,
	author    = {Lam M. Nguyen and
	Jie Liu and
	Katya Scheinberg and
	Martin Tak{\'{a}}c},
	title     = {{SARAH:} {A} Novel Method for Machine Learning Problems Using Stochastic
	Recursive Gradient},
	booktitle = {Proceedings of the 34th International Conference on Machine Learning},
	pages     = {2613--2621},
	year      = {2017}
}

@inproceedings{FangLLZ18spider,
	author    = {Cong Fang and
	Chris Junchi Li and
	Zhouchen Lin and
	Tong Zhang},
	title     = {{SPIDER:} {N}ear-Optimal Non-Convex Optimization via Stochastic Path-Integrated Differential Estimator},
	booktitle = {Advances in Neural Information Processing Systems 31},
	pages     = {687--697},
	year      = {2018}
}


@inproceedings{WangJZLT19spiderboost,
	author    = {Zhe Wang and
	Kaiyi Ji and
	Yi Zhou and
	Yingbin Liang and
	Vahid Tarokh},
	title     = {{S}pider{B}oost and Momentum: Faster Variance Reduction Algorithms},
	booktitle = {Advances in Neural Information Processing Systems 32},
	pages     = {2403--2413},
	year      = {2019}
}

@inproceedings{RouxSB12a,
	author    = {Nicolas Le Roux and
	Mark Schmidt and
	Francis R. Bach},
	title     = {A Stochastic Gradient Method with an Exponential Convergence Rate
	for Finite Training Sets},
	booktitle = {Advances in Neural Information Processing Systems 25},
	pages     = {2672--2680},
	year      = {2012}
}

@article{DriggsTLDS2020,
	author    = {Derek Driggs and
	Junqi Tang and
	Jingwei Liang and
	Mike E. Davies and
	Carola{-}Bibiane Sch{\"{o}}nlieb},
	title     = {A Stochastic Proximal Alternating Minimization for Nonsmooth and Nonconvex
	Optimization},
	journal   = {SIAM Journal on Imaging Sciences},
	volume    = {14},
	number    = {4},
	pages     = {1932--1970},
	year      = {2021}
}

@article{BolteST14,
	author    = {J{\'{e}}r{\^{o}}me Bolte and
	Shoham Sabach and
	Marc Teboulle},
	title     = {Proximal alternating linearized minimization for nonconvex and nonsmooth
	problems},
	journal   = {Mathematical Programming},
	volume    = {146},
	number    = {1-2},
	pages     = {459--494},
	year      = {2014}
}

@article{BauschkeBT17,
	author    = {Heinz H. Bauschke and
	J{\'{e}}r{\^{o}}me Bolte and
	Marc Teboulle},
	title     = {A Descent Lemma Beyond {L}ipschitz Gradient Continuity: First-Order
	Methods Revisited and Applications},
	journal   = {Mathematics of Operations Research},
	volume    = {42},
	number    = {2},
	pages     = {330--348},
	year      = {2017}
}

@book{WetsR98,
	author ={R. Tyrrell Rockafellar and 
	Roger J-B Wets},
	title ={Variational Analysis},
	publisher ={Grundlehren der Mathematischen
	Wissenschaften, 317, Springer},
	year ={1998}
}
@book{Rockafellar1970,
	author ={Ralph Tyrell Rockafellar},
	title={Convex Analysis},
	publisher ={Princeton, NJ, USA: Princeton University Press},
	year ={1970}
}

@article{RobbinsM1951,
	author    = {Herbert Robbins and Sutton Monro},
	title     = {A Stochastic Approximation Method},
	journal   = {Annals of Mathematical Statistics},
	volume    = {22},
	number    = {3},
	pages     = {400--407},
	year      = {1951}
}

@inproceedings{Bottou10,
	author    = {L{\'{e}}on Bottou},
	title     = {Large-Scale Machine Learning with Stochastic Gradient Descent},
	booktitle = {19th International Conference on Computational Statistics, {COMPSTAT}},
	pages     = {177--186},
	year      = {2010}
}

@article{Davis16,
	Author = {Damek Davis},
	Title = {The Asynchronous {PALM} Algorithm for Nonsmooth Nonconvex Problems},
	volume    = {arXiv:1604.00526},
	Year = {2016}
}

@article{Polyak64,
	author    = {Boris T. Polyak},
	title     = {Some methods of speeding up the convergence of iteration methods},
	journal   = {USSR Computational Mathematics and Mathematical Physics},
	volume    = {4},
	number    = {5},
	pages     = {1--17},
	year      = {1964}
}

@article{Nesterov1983,
	author = {Yurii E. Nesterov},
	title = {A method for unconstrained convex minimization problem with the rate of convergence ${O}(1/k^{2})$},
	journal = {Soviet Mathematics Doklady},
	volume  = {27},
	number= {2},
	pages = {372-376}, 
	year = {1983}
}


@article{RobbinsS71,
	author    = {H. Robbins and D. Siegmund},
	title     = {A convergence theorem for non-negative almost supermartingales and some applications},
	journal   = {Optimizing Methods in Statistics},
	pages     = {233--257},
	year      = {1971}
}

@article{ShechtmanBE14,
	author    = {Yoav Shechtman and
	Amir Beck and
	Yonina C. Eldar},
	title     = {{GESPAR:} {E}fficient Phase Retrieval of Sparse Signals},
	journal   = {IEEE Transactions on Signal Processing},
	volume    = {62},
	number    = {4},
	pages     = {928--938},
	year      = {2014}
}

@article{BeckE13,
	author    = {Amir Beck and
	Yonina C. Eldar},
	title     = {Sparsity Constrained Nonlinear Optimization: {O}ptimality Conditions
	and Algorithms},
	journal   = {SIAM Journal on Optimization},
	volume    = {23},
	number    = {3},
	pages     = {1480--1509},
	year      = {2013}
}

@article{BeinertB2021,
	author    = {Robert Beinert and
	Kristian Bredies},
	title     = {Tensor-Free Proximal Methods for Lifted Bilinear/Quadratic Inverse
	Problems with Applications to Phase Retrieval},
	journal   = {Foundations of Computational Mathematics},
	year      = {2021}
}

@article{ComonGLM08,
	author    = {Pierre Comon and
	Gene H. Golub and
	Lek{-}Heng Lim and
	Bernard Mourrain},
	title     = {Symmetric Tensors and Symmetric Tensor Rank},
	journal   = {SIAM Journal on Matrix Analysis and Applications},
	volume    = {30},
	number    = {3},
	pages     = {1254--1279},
	year      = {2008}
}

@article{KoldaB09,
	author    = {Tamara G. Kolda and
	Brett W. Bader},
	title     = {Tensor Decompositions and Applications},
	journal   = {SIAM Review},
	volume    = {51},
	number    = {3},
	pages     = {455--500},
	year      = {2009},
}

@article{BaiZZ20,
	author    = {Minru Bai and
	Jing Zhao and
	Zhanghui Zhang},
	title     = {A descent cautious {BFGS} method for computing {US}-eigenvalues of symmetric
	complex tensors},
	journal   = {Journal of Global Optimization},
	volume    = {76},
	number    = {4},
	pages     = {889--911},
	year      = {2020}
}

@article{HasannasabHNPSS2020,
	author    = {Marzieh Hasannasab and
	Johannes Hertrich and
	Sebastian Neumayer and
	Gerlind Plonka and
	Simon Setzer and
	Gabriele Steidl},
	title     = {Parseval Proximal Neural Networks},
	journal   = {Journal of Fourier Analysis and Applications},
	volume    = {26},
	number    = {59},
	year      = {2020},
}

@inproceedings{ZhangHSJ20,
	author    = {Jingzhao Zhang and
	Tianxing He and
	Suvrit Sra and
	Ali Jadbabaie},
	title     = {Why Gradient Clipping Accelerates Training: {A} Theoretical Justification
	for Adaptivity},
	booktitle = {8th International Conference on Learning Representations},
	year      = {2020}
}

@inproceedings{BirnbaumDX11,
	author    = {Benjamin E. Birnbaum and
	Nikhil R. Devanur and
	Lin Xiao},
	title     = {Distributed algorithms via gradient descent for {F}isher markets},
	booktitle = {Proceedings 12th {ACM} Conference on Electronic Commerce},
	pages     = {127--136},
	publisher = {{ACM}},
	year      = {2011}
}

@article{LuFN18,
	author    = {Haihao Lu and
	Robert M. Freund and
	Yurii E. Nesterov},
	title     = {Relatively Smooth Convex Optimization by First-Order Methods, and
	Applications},
	journal   = {SIAM Journal on Optimization},
	volume    = {28},
	number    = {1},
	pages     = {333--354},
	year      = {2018}
}

@article{KuangWC20,
	author    = {Sen Kuang and
	Benwei Wu and
	Shuang Cong},
	title     = {A Fusion Measurement Approach to Improve Quantum State Tomography
	Efficiency and Accuracy},
	journal   = {IEEE Transactions on Instrumentation and Measurement},
	volume    = {69},
	number    = {6},
	pages     = {3049--3060},
	year      = {2020}
}

@article{Nguyen17,
	author    = {Quang Van Nguyen},
	title     = {Forward-Backward Splitting with {B}regman Distances},
	journal   = {Vietnam Journal of Mathematics},
	volume    = {45},
	pages     = {519--539},
	year      = {2017}
}

@article{MukkamalaOPS20,
	author    = {Mahesh Chandra Mukkamala and
	Peter Ochs and
	Thomas Pock and
	Shoham Sabach},
	title     = {Convex-Concave Backtracking for Inertial {B}regman Proximal Gradient Algorithms in Nonconvex Optimization},
	journal   = {SIAM Journal on Mathematics of Data Science},
	volume    = {2},
	number    = {3},
	pages     = {658--682},
	year      = {2020}
}

@article{TeboulleV20,
	author    = {Marc Teboulle and
	Yakov Vaisbourd},
	title     = {Novel Proximal Gradient Methods for Nonnegative Matrix Factorization
	with Sparsity Constraints},
	journal   = {SIAM Journal on Imaging Sciences},
	volume    = {13},
	number    = {1},
	pages     = {381--421},
	year      = {2020}
}

@article{ReemRP19,
	author    = {Daniel Reem and
	Simeon Reich and
	Alvaro R. De Pierro},
	title     = {A Telescopic {B}regmanian Proximal Gradient Method Without the Global
	Lipschitz Continuity Assumption},
	journal   = {Journal of Optimization Theory and Applications},
	volume    = {182},
	number    = {3},
	pages     = {851--884},
	year      = {2019}
}

@article{BauschkeBCTW19,
	author    = {Heinz H. Bauschke and
	J{\'{e}}r{\^{o}}me Bolte and
	Jiawei Chen and
	Marc Teboulle and
	Xianfu Wang},
	title     = {On Linear Convergence of Non-Euclidean Gradient Methods without Strong
	Convexity and {L}ipschitz Gradient Continuity},
	journal   = {Journal of Optimization Theory and Applications},
	volume    = {182},
	number    = {3},
	pages     = {1068--1087},
	year      = {2019}
}

@article{AhookhoshTP21,
	author    = {Masoud Ahookhosh and
	Andreas Themelis and
	Panagiotis Patrinos},
	title     = {A {B}regman Forward-Backward Linesearch Algorithm for Nonconvex Composite
	Optimization: {S}uperlinear Convergence to Nonisolated Local Minima},
	journal   = {SIAM Journal on Optimization},
	volume    = {31},
	number    = {1},
	pages     = {653--685},
	year      = {2021}
}

@article{AhookhoshHGP21,
	author    = {Masoud Ahookhosh and
	Le Thi Khanh Hien and
	Nicolas Gillis and
	Panagiotis Patrinos},
	title     = {A Block Inertial {B}regman Proximal Algorithm for Nonsmooth Nonconvex
	Problems with Application to Symmetric Nonnegative Matrix Tri-Factorization},
	journal   = {Journal of Optimization Theory and Applications},
	volume    = {190},
	number    = {1},
	pages     = {234--258},
	year      = {2021},
}

@article{GeiersbachS21,
	author    = {Caroline Geiersbach and
	Teresa Scarinci},
	title     = {Stochastic proximal gradient methods for nonconvex problems in {H}ilbert
	spaces},
	journal   = {Computational Optimization and Applications},
	volume    = {78},
	number    = {3},
	pages     = {705--740},
	year      = {2021}
}

@article{Xiao21,
	author    = {Xiantao Xiao},
	title     = {A Unified Convergence Analysis of Stochastic {B}regman Proximal Gradient
	and Extragradient Methods},
	journal   = {Journal of Optimization Theory and Applications},
	volume    = {188},
	number    = {3},
	pages     = {605--627},
	year      = {2021}
}

@article{LoizouR20,
	author    = {Nicolas Loizou and
	Peter Richt{\'{a}}rik},
	title     = {Momentum and stochastic momentum for stochastic gradient, {N}ewton,
	proximal point and subspace descent methods},
	journal   = {Computational Optimization and Applications},
	volume    = {77},
	number    = {3},
	pages     = {653--710},
	year      = {2020}
}

@inproceedings{ZhouY20,
	author    = {Pan Zhou and
	Xiao{-}Tong Yuan},
	title     = {Hybrid Stochastic-Deterministic Minibatch Proximal Gradient: {L}ess-Than-Single-Pass
	Optimization with Nearly Optimal Generalization},
	booktitle = {Proceedings of the 37th International Conference on Machine Learning},
	year      = {2020}
}

@inproceedings{SalimR20,
	author    = {Adil Salim and
	Peter Richt{\'{a}}rik},
	title     = {Primal Dual Interpretation of the Proximal Stochastic Gradient {L}angevin
	Algorithm},
	booktitle = {Advances in Neural Information Processing Systems 33},
	year      = {2020}
}

@book{Markovsky2018,
	author ={Ivan Markovsky},
	title = {Low-rank approximation. Algorithms, implementation, applications},
	publisher = {Springer International Publishing},
	year = {2018},
	edition ={2nd}
}

@inproceedings{MukkamalaO19,
	author    = {Mahesh Chandra Mukkamala and
	Peter Ochs},
	title     = {Beyond Alternating Updates for Matrix Factorization with Inertial
	{B}regman Proximal Gradient Algorithms},
	booktitle = {Advances in Neural Information Processing Systems 32},
	pages     = {4268--4278},
	year      = {2019}
}

@article{KorenBV09,
	author    = {Yehuda Koren and
	Robert M. Bell and
	Chris Volinsky},
	title     = {Matrix Factorization Techniques for Recommender Systems},
	journal   = {Computer},
	volume    = {42},
	number    = {8},
	pages     = {30--37},
	year      = {2009}
}

@article{AbdiOM18,
	author    = {Mohamed Hussein Abdi and
	George Onyango Okeyo and
	Ronald Waweru Mwangi},
	title     = {Matrix Factorization Techniques for Context-Aware Collaborative Filtering
	Recommender Systems: {A} Survey},
	journal   = {Computer and Information Science},
	volume    = {11},
	number    = {2},
	pages     = {1--10},
	year      = {2018}
}

@article{HuangML21,
	author    = {Minhui Huang and
	Shiqian Ma and
	Lifeng Lai},
	title     = {Robust Low-Rank Matrix Completion via an Alternating Manifold Proximal
	Gradient Continuation Method},
	journal   = {IEEE Transactions on Signal Processing},
	volume    = {69},
	pages     = {2639--2652},
	year      = {2021},
}

@article{XuZBWL18,
	author    = {Haiyun Xu and
	Yankui Zhang and
	Bin Ba and
	Daming Wang and
	Xiangzhi Li},
	title     = {Two-Dimensional Direction-of-Arrival Fast Estimation of Multiple Signals
	with Matrix Completion Theory in Coprime Planar Array},
	journal   = {Sensors},
	volume    = {18},
	number    = {6},
	pages     = {1741},
	year      = {2018}
}

@article{LeeS99,
	author ={Daniel D. Lee and H. Sebastian Seung},
	title = {Learning the parts of objects by non-negative matrix factorization},
	journal = {Nature},
	voulume = {401},
	pages = {788-791},
	year = {1999}
}

@article{PanG21,
	author    = {Junjun Pan and
	Nicolas Gillis},
	title     = {Generalized Separable Nonnegative Matrix Factorization},
	journal   = {IEEE Transactions on Pattern Analysis and Machine Intelligence},
	volume    = {43},
	number    = {5},
	pages     = {1546--1561},
	year      = {2021}
}

@article{RoussetPD18,
	author    = {Florian Rousset and
	Fran{\c{c}}oise Peyrin and
	Nicolas Ducros},
	title     = {A Semi Nonnegative Matrix Factorization Technique for Pattern Generalization
	in Single-Pixel Imaging},
	journal   = {IEEE Transactions on Computational Imaging},
	volume    = {4},
	number    = {2},
	pages     = {284--294},
	year      = {2018}
}

@article{CaiHHZ06,
	author    = {Deng Cai and
	Xiaofei He and
	Jiawei Han and
	HongJiang Zhang},
	title     = {Orthogonal {L}aplacianfaces for Face Recognition},
	journal   = {IEEE Transactions on Signal Processing},
	volume    = {15},
	number    = {11},
	pages     = {3608--3614},
	year      = {2006}
}

@inproceedings{CaiHH07,
	author    = {Deng Cai and
	Xiaofei He and
	Jiawei Han},
	title     = {Spectral Regression for Efficient Regularized Subspace Learning},
	booktitle = {{IEEE} 11th International Conference on Computer Vision},
	pages     = {1--8},
	publisher = {{IEEE} Computer Society},
	year      = {2007}
}

@inproceedings{SamariaH94,
	author    = {Ferdinand Samaria and
	Andy Harter},
	title     = {Parameterisation of a stochastic model for human face identification},
	booktitle = {Proceedings of Second {IEEE} Workshop on Applications of Computer
	Vision},
	pages     = {138--142},
	year      = {1994}
}

@article{SulamOZE16,
	author    = {Jeremias Sulam and
	Boaz Ophir and
	Michael Zibulevsky and
	Michael Elad},
	title     = {Trainlets: {D}ictionary Learning in High Dimensions},
	journal   = {IEEE Transactions on Signal Processing},
	volume    = {64},
	number    = {12},
	pages     = {3180--3193},
	year      = {2016}
}

@article{RamirezS12,
	author    = {Ignacio Ram{\'{\i}}rez and
	Guillermo Sapiro},
	title     = {Universal Regularizers for Robust Sparse Coding and Modeling},
	journal   = {IEEE Transactions on Signal Processing},
	volume    = {21},
	number    = {9},
	pages     = {3850--3864},
	year      = {2012}
}

@article{LussT13,
	author    = {Ronny Luss and
	Marc Teboulle},
	title     = {Conditional Gradient Algorithms  for Rank-One Matrix Approximations
	with a Sparsity Constraint},
	journal   = {SIAM Review},
	volume    = {55},
	number    = {1},
	pages     = {65--98},
	year      = {2013}
}

@article{HarperK16,
	author    = {F. Maxwell Harper and
	Joseph A. Konstan},
	title     = {The MovieLens Datasets: {H}istory and Context},
	journal   = {ACM Transactions on Interactive Intelligent Systems},
	volume    = {5},
	number    = {4},
	pages     = {19:1--19:19},
	year      = {2016}
}

@inproceedings{ZhuLLL18,
	author    = {Zhihui Zhu and
	Xiao Li and
	Kai Liu and
	Qiuwei Li},
	title     = {Dropping Symmetry for Fast Symmetric Nonnegative Matrix Factorization},
	booktitle = {Advances in Neural Information Processing Systems 31},
	pages     = {5160--5170},
	year      = {2018}
}

@article{KuangYP15,
	author    = {Da Kuang and
	Sangwoon Yun and
	Haesun Park},
	title     = {SymNMF: {N}onnegative low-rank approximation of a similarity matrix
	for graph clustering},
	journal   = {Journal of Global Optimization},
	volume    = {62},
	number    = {3},
	pages     = {545--574},
	year      = {2015}
}

@article{HeXZZC11,
	author    = {Zhaoshui He and
	Shengli Xie and
	Rafal Zdunek and
	Guoxu Zhou and
	Andrzej Cichocki},
	title     = {Symmetric Nonnegative Matrix Factorization: {A}lgorithms and Applications
	to Probabilistic Clustering},
	journal   = {IEEE Transactions on Neural Networks},
	volume    = {22},
	number    = {12},
	pages     = {2117--2131},
	year      = {2011}
}

@article{LuHW17,
	author    = {Songtao Lu and
	Mingyi Hong and
	Zhengdao Wang},
	title     = {A Nonconvex Splitting Method for Symmetric Nonnegative Matrix Factorization:
	{C}onvergence Analysis and Optimality},
	journal   = {IEEE Transactions on Signal Processing},
	volume    = {65},
	number    = {12},
	pages     = {3120--3135},
	year      = {2017}
}

@article{Donoho95,
	author    = {David L. Donoho},
	title     = {De-noising by soft-thresholding},
	journal   = {IEEE Transactions on Information Theory},
	volume    = {41},
	number    = {3},
	pages     = {613--627},
	year      = {1995}
}

@article{DanilovaDGGGKS2021,
	Author = {Marina Danilova and Pavel Dvurechensky and Alexander Gasnikov and Eduard Gorbunov and Sergey Guminov and Dmitry Kamzolov and Innokentiy Shibaev},
	Title = {Recent Theoretical Advances in Non-Convex Optimization},	
	volume = {arXiv:2012.06188},
	Year = {2021}
}

@article{WangH23,
	author = {Qingsong Wang and Deren Han},
	title ={A {B}regman Stochastic Method for Nonconvex Nonsmooth Problem Beyond Global {L}ipschitz Gradient Continuity},
	journal  = {Optimization Methods and Software},
	volume ={38},
    number={5},
    pages = {914--946},
	year = {2023}
}

@article{ZhaoDRW22,
	author    = {Jing Zhao and
	Qiao{-}Li Dong and
	Michael Th. Rassias and
	Fenghui Wang},
	title     = {Two-step inertial {B}regman alternating minimization algorithm for nonconvex
	and nonsmooth problems},
	journal   = {Journal of Global Optimization},
	volume    = {84},
	number    = {4},
	pages     = {941--966},
	year      = {2022}
}

@article{WuLLL21,
	author    = {Zhongming Wu and
	Chongshou Li and
	Min Li and
	Andrew Lim},
	title     = {Inertial proximal gradient methods with {B}regman regularization for
	a class of nonconvex optimization problems},
	journal   = {Journal of Global Optimization},
	volume    = {79},
	number    = {3},
	pages     = {617--644},
	year      = {2021}
}

@article{FanL01,
	author ={Jianqing Fan and Runze Li},
	title = {Variable selection via nonconcave penalized likelihood and its oracle properties}, 
	journal ={Journal of the American Statistical Association},
	volume ={96},
	pages = {1348--1360},
	year ={2001}
}

@article{Zhang10,
	author ={Cun-Hui Zhang},
	title = {Nearly unbiased variable selection under minimax concave penalty}, 
	journal ={The Annals of Statistics},
	volume ={38},
	number ={2},
	pages = {894--942},
	year ={2010}
}

@ARTICLE{Cai11GNMF,
	AUTHOR = {Deng Cai and Xiaofei He and Jiawei Han and Thomas S. Huang},
	TITLE = {Graph Regularized Non-negative Matrix Factorization for Data Representation},
	JOURNAL = {IEEE Transactions on Pattern Analysis and Machine Intelligence},
	YEAR = {2011},
	volume = {33},
	number = {8},
	pages = {1548-1560}
}

@article{AhmedHAD21,
	author    = {Imtiaz Ahmed and
	Xia Ben Hu and
	Mithun P. Acharya and
	Yu Ding},
	title     = {Neighborhood Structure Assisted Non-negative Matrix Factorization
	and Its Application in Unsupervised Point-wise Anomaly Detection},
	journal   = {Journal of Machine Learning Research},
	volume    = {22},
	pages     = {34:1--34:32},
	year      = {2021}
}

@article{ShahnazBPP06,
	author    = {Farial Shahnaz and
	Michael W. Berry and
	V. Paul Pauca and
	Robert J. Plemmons},
	title     = {Document clustering using nonnegative matrix factorization},
	journal   = {Information Processing and Management},
	volume    = {42},
	number    = {2},
	pages     = {373--386},
	year      = {2006}
}

@article{MalitskyT20,
	author    = {Yura Malitsky and
	Matthew K. Tam},
	title     = {A Forward-Backward Splitting Method for Monotone Inclusions Without
	Cocoercivity},
	journal   = {SIAM Journal on Optimization},
	volume    = {30},
	number    = {2},
	pages     = {1451--1472},
	year      = {2020}
}

@article{WangTOW22,
	author = {Ziyuan Wang and
	Andreas Themelis and
	Hongjia Ou and
	Xianfu Wang},
	title ={A mirror inertial forward-reflected-backward splitting: {G}lobal convergence and line search extension beyond convexity and {L}ipschitz smoothness},
	journal ={arXiv: 2212.01504},
	year = {2022}
}

@article{LiWZC22,
	author = {Wenjie Li and
	Zhanyu Wang and
	Yichen Zhang and
	Guang Cheng },
	title ={Variance reduction on general adaptive stochastic mirror descent},
	journal ={Machine Learning},
	volume ={111},
    pages = {4639--4677},
	year ={2022}
}

@article{ZhangH18,
	title={On the Convergence Rate of Stochastic Mirror Descent for Nonsmooth Nonconvex Optimization},
	author={Siqi Zhang and Niao He},
	journal={arXiv: 1806.04781},
	year={2018}
}

@article{YinLHX15,
	author    = {Penghang Yin and
	Yifei Lou and
	Qi He and
	Jack Xin},
	title     = {Minimization of $l_{1-2}$ for Compressed
	Sensing},
	journal   = {SIAM Journal on Scientific Computing},
	volume    = {37},
	number    = {1},
    pages = {A536--A563},
	year      = {2015}
}

@article{MaLH17,
	author    = {Tian{-}Hui Ma and
	Yifei Lou and
	Ting{-}Zhu Huang},
	title     = {Truncated $l_{1-2}$ Models for Sparse Recovery and Rank
	Minimization},
	journal   = {SIAM Journal on Imaging Sciences},
	volume    = {10},
	number    = {3},
	pages     = {1346--1380},
	year      = {2017}
}

@article{LatafatTAP22,
	author = {Puya Latafat and
	Andreas Themelis and
	Masoud Ahookhosh and
	Panagiotis Patrinos},
	title = {Bregman {F}inito/{MISO} for Nonconvex Regularized Finite Sum Minimization without {L}ipschitz Gradient Continuity},
	journal = {SIAM Journal on Optimization},
	volume = {32},
	number = {3},
	pages = {2230-2262},
	year = {2022}
}

@inproceedings{DefazioDC14,
	author       = {Aaron Defazio and
	Justin Domke and
	Tib{\'{e}}rio S. Caetano},
	title        = {Finito: {A} faster, permutable incremental gradient method for big data problems},
	booktitle    = {Proceedings of the 31th International Conference on Machine Learning},
	volume       = {32},
	pages        = {1125--1133},
	year         = {2014},
}

@article{Mairal15,
	author       = {Julien Mairal},
	title        = {Incremental Majorization-Minimization Optimization with Application
	to Large-Scale Machine Learning},
	journal      = {SIAM Journal on Optimization},
	volume       = {25},
	number       = {2},
	pages        = {829--855},
	year         = {2015}
}

@article{ZhuDLZ21,
	author       = {Daoli Zhu and
	Sien Deng and
	Minghua Li and
	Lei Zhao},
	title        = {Level-Set Subdifferential Error Bounds and Linear Convergence of {B}regman
	Proximal Gradient Method},
	journal      = {Journal of Optimization Theory and Applications},
	volume       = {189},
	number       = {3},
	pages        = {889--918},
	year         = {2021}
}

@article{CheW20,
	author       = {Maolin Che and
	Yiming Wei},
	title        = {Multiplicative Algorithms for Symmetric Nonnegative Tensor Factorizations
	and Its Applications},
	journal      = {Journal of Scientific Computing},
	volume       = {83},
	number       = {3},
	pages        = {53},
	year         = {2020}
}

@book{LinLF2020book,
	author = {Zhouchen Lin and Huan Li and Cong Fang},
	title = {Accelerated Optimization for Machine Learning},
	year = {2020},
	publisher = {Springer}
}

@book{Lan2020First,
	author={Guanghui Lan},
	title = {First-Order and Stochastic Optimization Methods for Machine Learning},
	publisher = {Springer},
	year = {2020}
}

@book{Gillis20,
	author = {Nicolas Gillis},
	title = {Nonnegative Matrix Factorization}, 
	publisher = {SIAM},
	year = {2020}
}

@article{BauschkeDL18,
	author       = {Heinz H. Bauschke and
	Minh N. Dao and
	Scott B. Lindstrom},
	title        = {Regularizing with {B}regman-{M}oreau Envelopes},
	journal      = {SIAM Journal on Optimization},
	volume       = {28},
	number       = {4},
	pages        = {3208--3228},
	year         = {2018}
}

@article{LaudeOC20,
	author       = {Emanuel Laude and
	Peter Ochs and
	Daniel Cremers},
	title        = {Bregman Proximal Mappings and {B}regman-{M}oreau Envelopes Under Relative
	Prox-Regularity},
	journal      = {Journal of Optimization Theory and Applications},
	volume       = {184},
	number       = {3},
	pages        = {724--761},
	year         = {2020}
}

@article{CaiHH05,
	author       = {Deng Cai and
	Xiaofei He and
	Jiawei Han},
	title        = {Document Clustering Using Locality Preserving Indexing},
	journal      = {IEEE Transactions on Knowledge and Data Engineering},
	volume       = {17},
	number       = {12},
	pages        = {1624--1637},
	year         = {2005}
}

@ARTICLE{litekmeans,
	AUTHOR = {Deng Cai},
	TITLE = {Litekmeans: the fastest {MATLAB} implementation of kmeans},
	JOURNAL = {Available at: \url{http://www.cad.zju.edu.cn/home/dengcai/Data/Clustering.html}},
	YEAR = {2011}
}

@article{DragomirTdB22,
	author       = {Radu{-}Alexandru Dragomir and
	Adrien B. Taylor and
	Alexandre d'Aspremont and
	J{\'{e}}r{\^{o}}me Bolte},
	title        = {Optimal complexity and certification of {Bregman} first-order methods},
	journal      = {Mathematical Programming},
	volume       = {194},
	number       = {1},
	pages        = {41--83},
	year         = {2022}
}

@article{ZhangBM0C19,
author       = {Xiaoya Zhang and
                  Roberto Barrio and
                  Mar{\'{\i}}a Angeles Mart{\'{\i}}nez Carballo and
                  Hao Jiang and
                  Lizhi Cheng},
title        = {Bregman Proximal Gradient Algorithm With Extrapolation for a Class of Nonconvex Nonsmooth Minimization Problems},
  journal      = {{IEEE} Access},
  volume       = {7},
  pages        = {126515--126529},
  year         = {2019}
}

@book{Lange16,
    author = {Kenneth Lange},
    title = {MM Optimization Algorithms},
    publisher = {SIAM},
    year = {2016}
}

@inproceedings{MishchenkoMSR22,
  author       = {Konstantin Mishchenko and
                  Grigory Malinovsky and
                  Sebastian U. Stich and
                  Peter Richt{\'{a}}rik},
  title        = {ProxSkip: Yes! Local Gradient Steps Provably Lead to Communication
                  Acceleration! Finally!},
  booktitle    = {International Conference on Machine Learning, {ICML}},
  volume       = {162},
  pages        = {15750--15769},
  year         = {2022}
}

@book{ChongZ13,
    author = {Edwin K. P. Chong and
              Stanislaw H. Zak},
    title = {An Introduction to Optimization},
    publisher = {Wiley},
    year = {2013}
}


@article{HienPGAP22,
  author       = {Le Thi Khanh Hien and
                  Duy Nhat Phan and
                  Nicolas Gillis and
                  Masoud Ahookhosh and
                  Panagiotis Patrinos},
  title        = {Block Bregman Majorization Minimization with Extrapolation},
  journal      = {{SIAM} J. Math. Data Sci.},
  volume       = {4},
  number       = {1},
  pages        = {1--25},
  year         = {2022}
}

@article{PhanBGP23,
  author       = {Duy{-}Nhat Phan and
                  Sedi Bartz and
                  Nilabja Guha and
                  Hung M. Phan},
  title        = {Stochastic Variance-Reduced Majorization-Minimization Algorithms},
  journal      = {arXiv,  2305.06848},
  year         = {2023},
  url          = {https://doi.org/10.48550/arXiv.2305.06848}
}

@article{KwonKWN23,
    author = {Jeongyeol Kwon and Dohyun Kwon and Steve Wright and Robert Nowak},
    title = {On Penalty Methods for Nonconvex Bilevel Optimization and First-Order Stochastic Approximation},
    journal = {arXiv, 2309.01753},
    year ={2023} 
}

@article{ShiH20,
  author       = {Qingjiang Shi and
                  Mingyi Hong},
  title        = {Penalty Dual Decomposition Method for Nonsmooth Nonconvex Optimization
                  - Part {I:} Algorithms and Convergence Analysis},
  journal      = {{IEEE} Trans. Signal Process.},
  volume       = {68},
  pages        = {4108--4122},
  year         = {2020}
}

@article{PockS16,
	author    = {Thomas Pock and
	Shoham Sabach},
	title     = {Inertial Proximal Alternating Linearized Minimization (iPALM) for
	Nonconvex and Nonsmooth Problems},
	journal   = {{SIAM} J. Imaging Sci.},
	volume    = {9},
	number    = {4},
	pages     = {1756--1787},
	year      = {2016}
}

@article{WangH23c,
   author = {Qingsong Wang and Deren Han},
   journal = {Appl. Numer. Math.},
   pages = {66-87},
   title = {A generalized inertial proximal alternating linearized minimization method for nonconvex nonsmooth problems},
   volume = {189},
   year = {2023},
}