@inproceedings{aljundi2018memory,
  title={Memory aware synapses: Learning what (not) to forget},
  author={Aljundi, Rahaf and Babiloni, Francesca and Elhoseiny, Mohamed and Rohrbach, Marcus and Tuytelaars, Tinne},
  booktitle={Proceedings of the European Conference on Computer Vision (ECCV)},
  pages={139--154},
  year={2018}
}

@article{buzzega2020dark,
  title={Dark experience for general continual learning: a strong, simple baseline},
  author={Buzzega, Pietro and Boschini, Matteo and Porrello, Angelo and Abati, Davide and Calderara, Simone},
  journal={Advances in neural information processing systems},
  volume={33},
  pages={15920--15930},
  year={2020}
}

@inproceedings{caccia2022special,
  title={Special: Self-supervised pretraining for continual learning},
  author={Caccia, Lucas and Pineau, Joelle},
  booktitle={Continual Semi-Supervised Learning: First International Workshop, CSSL 2021, Virtual Event, August 19--20, 2021, Revised Selected Papers},
  pages={91--103},
  year={2022},
  organization={Springer}
}


@inproceedings{cha2021co2l,
  title={Co2l: Contrastive continual learning},
  author={Cha, Hyuntak and Lee, Jaeho and Shin, Jinwoo},
  booktitle={Proceedings of the IEEE/CVF International conference on computer vision},
  pages={9516--9525},
  year={2021}
}

@article{chaudhry2018efficient,
  title={Efficient lifelong learning with a-gem},
  author={Chaudhry, Arslan and Ranzato, Marc'Aurelio and Rohrbach, Marcus and Elhoseiny, Mohamed},
  journal={arXiv preprint arXiv:1812.00420},
  year={2018}
}

@article{chen2020improved,
  title={Improved baselines with momentum contrastive learning},
  author={Chen, Xinlei and Fan, Haoqi and Girshick, Ross and He, Kaiming},
  journal={arXiv preprint arXiv:2003.04297},
  year={2020}
}

@article{choi2016understanding,
  title={Understanding people with human activities and social interactions for human-centered computing},
  author={Choi, Sangil},
  journal={Human-centric Computing and Information Sciences},
  volume={6},
  number={1},
  pages={9},
  year={2016},
  publisher={Springer}
}

@article{de2021continual,
  title={A continual learning survey: Defying forgetting in classification tasks},
  author={De Lange, Matthias and Aljundi, Rahaf and Masana, Marc and Parisot, Sarah and Jia, Xu and Leonardis, Ale{\v{s}} and Slabaugh, Gregory and Tuytelaars, Tinne},
  journal={IEEE transactions on pattern analysis and machine intelligence},
  volume={44},
  number={7},
  pages={3366--3385},
  year={2021},
  publisher={IEEE}
}

@article{diethe2019continual,
  title={Continual learning in practice},
  author={Diethe, Tom and Borchert, Tom and Thereska, Eno and Balle, Borja and Lawrence, Neil},
  journal={arXiv preprint arXiv:1903.05202},
  year={2019}
}

@inproceedings{fini2022self,
  title={Self-supervised models are continual learners},
  author={Fini, Enrico and da Costa, Victor G Turrisi and Alameda-Pineda, Xavier and Ricci, Elisa and Alahari, Karteek and Mairal, Julien},
  booktitle={Proceedings of the IEEE/CVF Conference on Computer Vision and Pattern Recognition},
  pages={9621--9630},
  year={2022}
}

@article{gallardo2021self,
  title={Self-supervised training enhances online continual learning},
  author={Gallardo, Jhair and Hayes, Tyler L and Kanan, Christopher},
  journal={arXiv preprint arXiv:2103.14010},
  year={2021}
}

@article{grill2020bootstrap,
  title={Bootstrap your own latent-a new approach to self-supervised learning},
  author={Grill, Jean-Bastien and Strub, Florian and Altch{\'e}, Florent and Tallec, Corentin and Richemond, Pierre and Buchatskaya, Elena and Doersch, Carl and Avila Pires, Bernardo and Guo, Zhaohan and Gheshlaghi Azar, Mohammad and others},
  journal={Advances in neural information processing systems},
  volume={33},
  pages={21271--21284},
  year={2020}
}

@inproceedings{haresamudram2020masked,
  title={Masked reconstruction based self-supervision for human activity recognition},
  author={Haresamudram, Harish and Beedu, Apoorva and Agrawal, Varun and Grady, Patrick L and Essa, Irfan and Hoffman, Judy and Pl{\"o}tz, Thomas},
  booktitle={Proceedings of the 2020 ACM International Symposium on Wearable Computers},
  pages={45--49},
  year={2020}
}

@article{haresamudram2021contrastive,
  title={Contrastive predictive coding for human activity recognition},
  author={Haresamudram, Harish and Essa, Irfan and Pl{\"o}tz, Thomas},
  journal={Proceedings of the ACM on Interactive, Mobile, Wearable and Ubiquitous Technologies},
  volume={5},
  number={2},
  pages={1--26},
  year={2021},
  publisher={ACM New York, NY, USA}
}

@inproceedings{he2020momentum,
  title={Momentum contrast for unsupervised visual representation learning},
  author={He, Kaiming and Fan, Haoqi and Wu, Yuxin and Xie, Saining and Girshick, Ross},
  booktitle={Proceedings of the IEEE/CVF conference on computer vision and pattern recognition},
  pages={9729--9738},
  year={2020}
}

@inproceedings{isele2018selective,
  title={Selective experience replay for lifelong learning},
  author={Isele, David and Cosgun, Akansel},
  booktitle={Proceedings of the AAAI Conference on Artificial Intelligence},
  volume={32},
  number={1},
  year={2018}
}

@inproceedings{jaimes2015corredor,
  title={CORREDOR, A mobile Human-Centric Sensing System for Activity Recognition.},
  author={Jaimes, Luis Gabriel and Vergara-Laurens, Idalides J},
  booktitle={LAWC@ LATINCOM},
  pages={36--39},
  year={2015}
}

@article{jha2021continual,
  title={Continual Learning in Sensor-based Human Activity Recognition: an Empirical Benchmark Analysis},
  author={Jha, Saurav and Schiemer, Martin and Zambonelli, Franco and Ye, Juan},
  journal={arXiv preprint arXiv:2104.09396},
  year={2021}
}

@article{kirkpatrick2017overcoming,
  title={Overcoming catastrophic forgetting in neural networks},
  author={Kirkpatrick, James and Pascanu, Razvan and Rabinowitz, Neil and Veness, Joel and Desjardins, Guillaume and Rusu, Andrei A and Milan, Kieran and Quan, John and Ramalho, Tiago and Grabska-Barwinska, Agnieszka and others},
  journal={Proceedings of the national academy of sciences},
  volume={114},
  number={13},
  pages={3521--3526},
  year={2017},
  publisher={National Acad Sciences}
}

@article{leite2022resource,
  title={Resource-efficient continual learning for sensor-based human activity recognition},
  author={Leite, Clayton Frederick Souza and Xiao, Yu},
  journal={ACM Transactions on Embedded Computing Systems},
  volume={21},
  number={6},
  pages={1--25},
  year={2022},
  publisher={ACM New York, NY}
}

@article{li2017learning,
  title={Learning without forgetting},
  author={Li, Zhizhong and Hoiem, Derek},
  journal={IEEE transactions on pattern analysis and machine intelligence},
  volume={40},
  number={12},
  pages={2935--2947},
  year={2017},
  publisher={IEEE}
}

@article{madaan2021rethinking,
  title={Rethinking the representational continuity: Towards unsupervised continual learning},
  author={Madaan, Divyam and Yoon, Jaehong and Li, Yuanchun and Liu, Yunxin and Hwang, Sung Ju},
  journal={arXiv preprint arXiv:2110.06976},
  year={2021}
}

@inproceedings{mittal2021essentials,
  title={Essentials for Class Incremental Learning},
  author={Mittal, Sudhanshu and Galesso, Silvio and Brox, Thomas},
  booktitle={Proceedings of the IEEE/CVF Conference on Computer Vision and Pattern Recognition},
  pages={3513--3522},
  year={2021}
}

@inproceedings{ostapenko2019learning,
  title={Learning to remember: A synaptic plasticity driven framework for continual learning},
  author={Ostapenko, Oleksiy and Puscas, Mihai and Klein, Tassilo and Jahnichen, Patrick and Nabi, Moin},
  booktitle={Proceedings of the IEEE/CVF conference on computer vision and pattern recognition},
  pages={11321--11329},
  year={2019}
}

@inproceedings{rebuffi2017icarl,
  title={icarl: Incremental classifier and representation learning},
  author={Rebuffi, Sylvestre-Alvise and Kolesnikov, Alexander and Sperl, Georg and Lampert, Christoph H},
  booktitle={Proceedings of the IEEE conference on Computer Vision and Pattern Recognition},
  pages={2001--2010},
  year={2017}
}

@article{rolnick2019experience,
  title={Experience replay for continual learning},
  author={Rolnick, David and Ahuja, Arun and Schwarz, Jonathan and Lillicrap, Timothy and Wayne, Gregory},
  journal={Advances in Neural Information Processing Systems},
  volume={32},
  year={2019}
}

@article{rusu2016progressive,
  title={Progressive neural networks},
  author={Rusu, Andrei A and Rabinowitz, Neil C and Desjardins, Guillaume and Soyer, Hubert and Kirkpatrick, James and Kavukcuoglu, Koray and Pascanu, Razvan and Hadsell, Raia},
  journal={arXiv preprint arXiv:1606.04671},
  year={2016}
}

@article{multi_self_har,
  title={Multi-task self-supervised learning for human activity detection},
  author={Saeed, Aaqib and Ozcelebi, Tanir and Lukkien, Johan},
  journal={Proceedings of the ACM on Interactive, Mobile, Wearable and Ubiquitous Technologies},
  volume={3},
  number={2},
  pages={1--30},
  year={2019},
  publisher={ACM New York, NY, USA}
}

@article{schiemer2023online,
  title={Online continual learning for human activity recognition},
  author={Schiemer, Martin and Fang, Lei and Dobson, Simon and Ye, Juan},
  journal={Pervasive and Mobile Computing},
  pages={101817},
  year={2023},
  publisher={Elsevier}
}

@inproceedings{serra2018overcoming,
  title={Overcoming catastrophic forgetting with hard attention to the task},
  author={Serra, Joan and Suris, Didac and Miron, Marius and Karatzoglou, Alexandros},
  booktitle={International Conference on Machine Learning},
  pages={4548--4557},
  year={2018},
  organization={PMLR}
}

@inproceedings{shin2017continual,
  title={Continual learning with deep generative replay},
  author={Shin, Hanul and Lee, Jung Kwon and Kim, Jaehong and Kim, Jiwon},
  booktitle={Proceedings of the 31st International Conference on Neural Information Processing Systems},
  pages={2994--3003},
  year={2017}
}

@article{tang2021selfhar,
  title={Selfhar: Improving human activity recognition through self-training with unlabeled data},
  author={Tang, Chi Ian and Perez-Pozuelo, Ignacio and Spathis, Dimitris and Brage, Soren and Wareham, Nick and Mascolo, Cecilia},
  journal={Proceedings of the ACM on interactive, mobile, wearable and ubiquitous technologies},
  volume={5},
  number={1},
  pages={1--30},
  year={2021},
  publisher={ACM New York, NY, USA}
}

@article{tang2020exploring,
  title={Exploring contrastive learning in human activity recognition for healthcare},
  author={Tang, Chi Ian and Perez-Pozuelo, Ignacio and Spathis, Dimitris and Mascolo, Cecilia},
  journal={arXiv preprint arXiv:2011.11542},
  year={2020}
}

@inproceedings{tang2023practical,
  title={Kaizen: Practical Self-Supervised Continual Learning With Continual Fine-Tuning},
  author={Tang, Chi Ian and Qendro, Lorena and Spathis, Dimitris and Kawsar, Fahim and Mascolo, Cecilia and Mathur, Akhil},
  booktitle={Proceedings of the IEEE/CVF Winter Conference on Applications of Computer Vision},
  pages={2841--2850},
  year={2024}
}

@inproceedings{har_transformations,
  title={Data augmentation of wearable sensor data for parkinson’s disease monitoring using convolutional neural networks},
  author={Um, Terry T and Pfister, Franz MJ and Pichler, Daniel and Endo, Satoshi and Lang, Muriel and Hirche, Sandra and Fietzek, Urban and Kuli{\'c}, Dana},
  booktitle={Proceedings of the 19th ACM International Conference on Multimodal Interaction},
  pages={216--220},
  year={2017}
}

@article{van2019three,
  title={Three scenarios for continual learning},
  author={Van de Ven, Gido M and Tolias, Andreas S},
  journal={arXiv preprint arXiv:1904.07734},
  year={2019}
}

@article{weiss2019wisdm,
  title={Wisdm smartphone and smartwatch activity and biometrics dataset},
  author={Weiss, Gary M},
  journal={UCI Machine Learning Repository: WISDM Smartphone and Smartwatch Activity and Biometrics Dataset Data Set},
  volume={7},
  pages={133190--133202},
  year={2019}
}

@inproceedings{wu2019large,
  title={Large scale incremental learning},
  author={Wu, Yue and Chen, Yinpeng and Wang, Lijuan and Ye, Yuancheng and Liu, Zicheng and Guo, Yandong and Fu, Yun},
  booktitle={Proceedings of the IEEE/CVF Conference on Computer Vision and Pattern Recognition},
  pages={374--382},
  year={2019}
}