@article{eddi,
  title={Eddi: Efficient dynamic discovery of high-value information with partial vae},
  author={Ma, Chao and Tschiatschek, Sebastian and Palla, Konstantina and Hern{\'a}ndez-Lobato, Jos{\'e} Miguel and Nowozin, Sebastian and Zhang, Cheng},
  journal={arXiv preprint arXiv:1809.11142},
  year={2018}
}

@inproceedings{gong2019icebreaker,
  title={Icebreaker: Element-wise efficient information acquisition with a bayesian deep latent gaussian model},
  author={Gong, Wenbo and Tschiatschek, Sebastian and Nowozin, Sebastian and Turner, Richard E and Hern{\'a}ndez-Lobato, Jos{\'e} Miguel and Zhang, Cheng},
  booktitle={Advances in Neural Information Processing Systems},
  pages={14820--14831},
  year={2019}
}

@inproceedings{jafa,
  title={Joint active feature acquisition and classification with variable-size set encoding},
  author={Shim, Hajin and Hwang, Sung Ju and Yang, Eunho},
  booktitle={Advances in neural information processing systems},
  pages={1368--1378},
  year={2018}
}

@article{ivanov2018variational,
  title={Variational autoencoder with arbitrary conditioning},
  author={Ivanov, Oleg and Figurnov, Michael and Vetrov, Dmitry},
  journal={arXiv preprint arXiv:1806.02382},
  year={2018}
}
@article{mualem2022using,
  title={Using Partial Monotonicity in Submodular Maximization},
  author={Mualem, Loay and Feldman, Moran},
  journal={arXiv preprint arXiv:2202.03051},
  year={2022}
}
@article{li2019flow,
  title={ACFlow: Flow Models for Arbitrary Conditional Likelihoods},
  author={Li, Yang and Akbar, Shoaib and Oliva, Junier B},
  journal={arXiv preprint arXiv:1909.06319},
  year={2019}
}
@article{acflow,
  title={Dynamic Feature Acquisition with Arbitrary Conditional Flows},
  author={Li, Yang and Oliva, Junier B},
  journal={arXiv preprint arXiv:2006.07701},
  year={2020}
}
@misc{1606.01540,
  Author = {Greg Brockman and Vicki Cheung and Ludwig Pettersson and Jonas Schneider and John Schulman and Jie Tang and Wojciech Zaremba},
  Title = {OpenAI Gym},
  Year = {2016},
  Eprint = {arXiv:1606.01540},
}
@inproceedings{foster2016online,
  title={Online sparse linear regression},
  author={Foster, Dean and Kale, Satyen and Karloff, Howard},
  booktitle={Conference on Learning Theory},
  pages={960--970},
  year={2016},
  organization={PMLR}
}

@inproceedings{kale2017adaptive,
  title={Adaptive feature selection: Computationally efficient online sparse linear regression under rip},
  author={Kale, Satyen and Karnin, Zohar and Liang, Tengyuan and P{\'a}l, D{\'a}vid},
  booktitle={International Conference on Machine Learning},
  pages={1780--1788},
  year={2017},
  organization={PMLR}
}
@article{ito2017efficient,
  title={Efficient sublinear-regret algorithms for online sparse linear regression with limited observation},
  author={Ito, Shinji and Hatano, Daisuke and Sumita, Hanna and Yabe, Akihiro and Fukunaga, Takuro and Kakimura, Naonori and Kawarabayashi, Ken-Ichi},
  journal={Advances in Neural Information Processing Systems},
  volume={30},
  year={2017}
}
@article{murata2018sample,
  title={Sample efficient stochastic gradient iterative hard thresholding method for stochastic sparse linear regression with limited attribute observation},
  author={Murata, Tomoya and Suzuki, Taiji},
  journal={Advances in Neural Information Processing Systems},
  volume={31},
  year={2018}
}



@article{kim2019attentive,
  title={Attentive neural processes},
  author={Kim, Hyunjik and Mnih, Andriy and Schwarz, Jonathan and Garnelo, Marta and Eslami, Ali and Rosenbaum, Dan and Vinyals, Oriol and Teh, Yee Whye},
  journal={arXiv preprint arXiv:1901.05761},
  year={2019}
}

@article{schulman2017proximal,
  title={Proximal policy optimization algorithms},
  author={Schulman, John and Wolski, Filip and Dhariwal, Prafulla and Radford, Alec and Klimov, Oleg},
  journal={arXiv preprint arXiv:1707.06347},
  year={2017}
}

@article{dilokthanakul2016deep,
  title={Deep unsupervised clustering with gaussian mixture variational autoencoders},
  author={Dilokthanakul, Nat and Mediano, Pedro AM and Garnelo, Marta and Lee, Matthew CH and Salimbeni, Hugh and Arulkumaran, Kai and Shanahan, Murray},
  journal={arXiv preprint arXiv:1611.02648},
  year={2016}
}

@article{fu2013survey,
  title={A survey on instance selection for active learning},
  author={Fu, Yifan and Zhu, Xingquan and Li, Bin},
  journal={Knowledge and information systems},
  volume={35},
  number={2},
  pages={249--283},
  year={2013},
  publisher={Springer}
}

@inproceedings{konyushkova2017learning,
  title={Learning active learning from data},
  author={Konyushkova, Ksenia and Sznitman, Raphael and Fua, Pascal},
  booktitle={Advances in Neural Information Processing Systems},
  pages={4225--4235},
  year={2017}
}
@inproceedings{gsm,
  title={Active feature acquisition with generative surrogate models},
  author={Li, Yang and Oliva, Junier},
  booktitle={International Conference on Machine Learning},
  pages={6450--6459},
  year={2021},
  organization={PMLR}
}

@article{cwcf,
  title={Classification with costly features as a sequential decision-making problem},
  author={Janisch, Jarom{\'\i}r and Pevn{\`y}, Tom{\'a}{\v{s}} and Lis{\`y}, Viliam},
  journal={Machine Learning},
  volume={109},
  pages={1587--1615},
  year={2020},
  publisher={Springer}
}

@article{difa,
  title={Difa: Differentiable feature acquisition},
  author={Ghosh, Aritra and Lan, Andrew},
  year={2023}
}

@inproceedings{sharma2018towards,
  title={Towards understanding the geometry of knowledge graph embeddings},
  author={Sharma, Aditya and Talukdar, Partha and others},
  booktitle={Proceedings of the 56th Annual Meeting of the Association for Computational Linguistics (Volume 1: Long Papers)},
  pages={122--131},
  year={2018}
}

@inproceedings{yoo2019learning,
  title={Learning loss for active learning},
  author={Yoo, Donggeun and Kweon, In So},
  booktitle={Proceedings of the IEEE Conference on Computer Vision and Pattern Recognition},
  pages={93--102},
  year={2019}
}

@article{miao2016survey,
  title={A survey on feature selection},
  author={Miao, Jianyu and Niu, Lingfeng},
  journal={Procedia Computer Science},
  volume={91},
  pages={919--926},
  year={2016},
  publisher={Elsevier}
}
@inproceedings{cafe,
  title={Cost Aware Feature Elicitation.},
  author={Das, Srijita and Iyer, Rishabh K and Natarajan, Sriraam},
  booktitle={KiML@ KDD},
  pages={23--29},
  year={2020}
}
@article{li2017feature,
  title={Feature selection: A data perspective},
  author={Li, Jundong and Cheng, Kewei and Wang, Suhang and Morstatter, Fred and Trevino, Robert P and Tang, Jiliang and Liu, Huan},
  journal={ACM Computing Surveys (CSUR)},
  volume={50},
  number={6},
  pages={1--45},
  year={2017},
  publisher={ACM New York, NY, USA}
}
@article{videoapp,
  title={Learning to Retrieve Videos by Asking Questions},
  author={Madasu, Avinash and Oliva, Junier and Bertasius, Gedas},
  journal={arXiv preprint arXiv:2205.05739},
  year={2022}
}
@article{cai2018feature,
  title={Feature selection in machine learning: A new perspective},
  author={Cai, Jie and Luo, Jiawei and Wang, Shulin and Yang, Sheng},
  journal={Neurocomputing},
  volume={300},
  pages={70--79},
  year={2018},
  publisher={Elsevier}
}

@inproceedings{chai2004test,
  title={Test-cost sensitive naive bayes classification},
  author={Chai, Xiaoyong and Deng, Lin and Yang, Qiang and Ling, Charles X},
  booktitle={Fourth IEEE International Conference on Data Mining (ICDM'04)},
  pages={51--58},
  year={2004},
  organization={IEEE}
}

@inproceedings{ling2004decision,
  title={Decision trees with minimal costs},
  author={Ling, Charles X and Yang, Qiang and Wang, Jianning and Zhang, Shichao},
  booktitle={Proceedings of the twenty-first international conference on Machine learning},
  pages={69},
  year={2004}
}

@inproceedings{nan2014fast,
  title={Fast margin-based cost-sensitive classification},
  author={Nan, Feng and Wang, Joseph and Trapeznikov, Kirill and Saligrama, Venkatesh},
  booktitle={2014 IEEE International Conference on Acoustics, Speech and Signal Processing (ICASSP)},
  pages={2952--2956},
  year={2014},
  organization={IEEE}
}

@article{greiner2002learning,
  title={Learning cost-sensitive active classifiers},
  author={Greiner, Russell and Grove, Adam J and Roth, Dan},
  journal={Artificial Intelligence},
  volume={139},
  number={2},
  pages={137--174},
  year={2002},
  publisher={Elsevier}
}

@article{zubek2004pruning,
  title={Pruning improves heuristic search for cost-sensitive learning},
  author={Zubek, Valentina Bayer and Dietterich, Thomas Glen and others},
  year={2004}
}

@inproceedings{ruckstiess2011sequential,
  title={Sequential feature selection for classification},
  author={R{\"u}ckstie{\ss}, Thomas and Osendorfer, Christian and van der Smagt, Patrick},
  booktitle={Australasian Joint Conference on Artificial Intelligence},
  pages={132--141},
  year={2011},
  organization={Springer}
}

@inproceedings{he2012imitation,
  title={Imitation learning by coaching},
  author={He, He and Eisner, Jason and Daume, Hal},
  booktitle={Advances in Neural Information Processing Systems},
  pages={3149--3157},
  year={2012}
}

@article{he2016active,
  title={Active information acquisition},
  author={He, He and Mineiro, Paul and Karampatziakis, Nikos},
  journal={arXiv preprint arXiv:1602.02181},
  year={2016}
}

@article{chebotar2017combining,
  title={Combining model-based and model-free updates for trajectory-centric reinforcement learning},
  author={Chebotar, Yevgen and Hausman, Karol and Zhang, Marvin and Sukhatme, Gaurav and Schaal, Stefan and Levine, Sergey},
  journal={arXiv preprint arXiv:1703.03078},
  year={2017}
}

@article{li2017deep,
  title={Deep reinforcement learning: An overview},
  author={Li, Yuxi},
  journal={arXiv preprint arXiv:1701.07274},
  year={2017}
}

@inproceedings{gu2016continuous,
  title={Continuous deep q-learning with model-based acceleration},
  author={Gu, Shixiang and Lillicrap, Timothy and Sutskever, Ilya and Levine, Sergey},
  booktitle={International Conference on Machine Learning},
  pages={2829--2838},
  year={2016}
}

@inproceedings{heess2015learning,
  title={Learning continuous control policies by stochastic value gradients},
  author={Heess, Nicolas and Wayne, Gregory and Silver, David and Lillicrap, Timothy and Erez, Tom and Tassa, Yuval},
  booktitle={Advances in Neural Information Processing Systems},
  pages={2944--2952},
  year={2015}
}

@article{pong2018temporal,
  title={Temporal difference models: Model-free deep rl for model-based control},
  author={Pong, Vitchyr and Gu, Shixiang and Dalal, Murtaza and Levine, Sergey},
  journal={arXiv preprint arXiv:1802.09081},
  year={2018}
}

@misc{Dua:2019,
author = "Dua, Dheeru and Graff, Casey",
year = "2017",
title = "{UCI} Machine Learning Repository",
url = "http://archive.ics.uci.edu/ml",
institution = "University of California, Irvine, School of Information and Computer Sciences"}

@article{lecun1998mnist,
  title={The MNIST database of handwritten digits},
  author={LeCun, Yann},
  journal={http://yann.lecun.com/exdb/mnist/},
  year={1998}
}

@inproceedings{lee2019set,
  title={Set transformer: A framework for attention-based permutation-invariant neural networks},
  author={Lee, Juho and Lee, Yoonho and Kim, Jungtaek and Kosiorek, Adam and Choi, Seungjin and Teh, Yee Whye},
  booktitle={International Conference on Machine Learning},
  pages={3744--3753},
  year={2019},
  organization={PMLR}
}

@article{minsky1961steps,
  title={Steps toward artificial intelligence},
  author={Minsky, Marvin},
  journal={Proceedings of the IRE},
  volume={49},
  number={1},
  pages={8--30},
  year={1961},
  publisher={IEEE}
}

@article{sutton1988learning,
  title={Learning to predict by the methods of temporal differences},
  author={Sutton, Richard S},
  journal={Machine learning},
  volume={3},
  number={1},
  pages={9--44},
  year={1988},
  publisher={Springer}
}

@inproceedings{kybic2007high,
  title={High-dimensional entropy estimation for finite accuracy data: R-NN entropy estimator},
  author={Kybic, Jan},
  booktitle={Biennial International Conference on Information Processing in Medical Imaging},
  pages={569--580},
  year={2007},
  organization={Springer}
}

@article{thompson1933likelihood,
  title={On the likelihood that one unknown probability exceeds another in view of the evidence of two samples},
  author={Thompson, William R},
  journal={Biometrika},
  volume={25},
  number={3/4},
  pages={285--294},
  year={1933},
  publisher={JSTOR}
}

@article{russo2017tutorial,
  title={A tutorial on thompson sampling},
  author={Russo, Daniel and Van Roy, Benjamin and Kazerouni, Abbas and Osband, Ian and Wen, Zheng},
  journal={arXiv preprint arXiv:1707.02038},
  year={2017}
}

@inproceedings{ng1999policy,
  title={Policy invariance under reward transformations: Theory and application to reward shaping},
  author={Ng, Andrew Y and Harada, Daishi and Russell, Stuart},
  year={1999}
}

@article{bagnall2017great,
  title={The great time series classification bake off: a review and experimental evaluation of recent algorithmic advances},
  author={Bagnall, Anthony and Lines, Jason and Bostrom, Aaron and Large, James and Keogh, Eamonn},
  journal={Data Mining and Knowledge Discovery},
  volume={31},
  number={3},
  pages={606--660},
  year={2017},
  publisher={Springer}
}

@InProceedings{zannone2019odin,
author = {Zannone, Sara and Hernandez Lobato, Jose Miguel  and Zhang, Cheng and Palla, Konstantina},
title = {ODIN: Optimal Discovery of High-value INformation Using Model-based Deep Reinforcement Learning},
booktitle = {Real-world Sequential Decision Making Workshop, ICML},
year = {2019},
month = {June},
}

@article{bajcsy1988active,
  title={Active perception},
  author={Bajcsy, Ruzena},
  journal={Proceedings of the IEEE},
  volume={76},
  number={8},
  pages={966--1005},
  year={1988},
  publisher={IEEE}
}

@article{aloimonos1988active,
  title={Active vision},
  author={Aloimonos, John and Weiss, Isaac and Bandyopadhyay, Amit},
  journal={International journal of computer vision},
  volume={1},
  number={4},
  pages={333--356},
  year={1988},
  publisher={Springer}
}

@inproceedings{yamada2020feature,
  title={Feature selection using stochastic gates},
  author={Yamada, Yutaro and Lindenbaum, Ofir and Negahban, Sahand and Kluger, Yuval},
  booktitle={International Conference on Machine Learning},
  pages={10648--10659},
  year={2020},
  organization={PMLR}
}

@article{estevez2009normalized,
  title={Normalized mutual information feature selection},
  author={Est{\'e}vez, Pablo A and Tesmer, Michel and Perez, Claudio A and Zurada, Jacek M},
  journal={IEEE Transactions on neural networks},
  volume={20},
  number={2},
  pages={189--201},
  year={2009},
  publisher={IEEE}
}

@inproceedings{khanna2017scalable,
  title={Scalable greedy feature selection via weak submodularity},
  author={Khanna, Rajiv and Elenberg, Ethan and Dimakis, Alex and Negahban, Sahand and Ghosh, Joydeep},
  booktitle={Artificial Intelligence and Statistics},
  pages={1560--1568},
  year={2017},
  organization={PMLR}
}

@inproceedings{mirzasoleiman2015lazier,
  title={Lazier than lazy greedy},
  author={Mirzasoleiman, Baharan and Badanidiyuru, Ashwinkumar and Karbasi, Amin and Vondr{\'a}k, Jan and Krause, Andreas},
  booktitle={Proceedings of the AAAI Conference on Artificial Intelligence},
  volume={29},
  number={1},
  year={2015}
}

@article{elenberg2018restricted,
  title={Restricted strong convexity implies weak submodularity},
  author={Elenberg, Ethan R and Khanna, Rajiv and Dimakis, Alexandros G and Negahban, Sahand},
  journal={The Annals of Statistics},
  volume={46},
  number={6B},
  pages={3539--3568},
  year={2018},
  publisher={JSTOR}
}

@inproceedings{killamsetty2021grad,
  title={Grad-match: Gradient matching based data subset selection for efficient deep model training},
  author={Killamsetty, Krishnateja and Durga, S and Ramakrishnan, Ganesh and De, Abir and Iyer, Rishabh},
  booktitle={International Conference on Machine Learning},
  pages={5464--5474},
  year={2021},
  organization={PMLR}
}

@inproceedings{harshaw2019submodular,
  title={Submodular maximization beyond non-negativity: Guarantees, fast algorithms, and applications},
  author={Harshaw, Chris and Feldman, Moran and Ward, Justin and Karbasi, Amin},
  booktitle={International Conference on Machine Learning},
  pages={2634--2643},
  year={2019},
  organization={PMLR}
}

@article{das2018approximate,
  title={Approximate submodularity and its applications: Subset selection, sparse approximation and dictionary selection},
  author={Das, Abhimanyu and Kempe, David},
  journal={The Journal of Machine Learning Research},
  volume={19},
  number={1},
  pages={74--107},
  year={2018},
  publisher={JMLR. org}
}

@article{song2012feature,
  title={Feature Selection via Dependence Maximization.},
  author={Song, Le and Smola, Alex and Gretton, Arthur and Bedo, Justin and Borgwardt, Karsten},
  journal={Journal of Machine Learning Research},
  volume={13},
  number={5},
  year={2012}
}

@article{hans2009bayesian,
  title={Bayesian lasso regression},
  author={Hans, Chris},
  journal={Biometrika},
  volume={96},
  number={4},
  pages={835--845},
  year={2009},
  publisher={Oxford University Press}
}

@inproceedings{jayaraman2018learning,
  title={Learning to look around: Intelligently exploring unseen environments for unknown tasks},
  author={Jayaraman, Dinesh and Grauman, Kristen},
  booktitle={Proceedings of the IEEE Conference on Computer Vision and Pattern Recognition},
  pages={1238--1247},
  year={2018}
}

@article{cheng2018reinforcement,
  title={Reinforcement learning of active vision for manipulating objects under occlusions},
  author={Cheng, Ricson and Agarwal, Arpit and Fragkiadaki, Katerina},
  journal={arXiv preprint arXiv:1811.08067},
  year={2018}
}

@article{kumar2018consistent,
  title={Consistent generative query networks},
  author={Kumar, Ananya and Eslami, SM and Rezende, Danilo J and Garnelo, Marta and Viola, Fabio and Lockhart, Edward and Shanahan, Murray},
  journal={arXiv preprint arXiv:1807.02033},
  year={2018}
}

@article{goldberger2000physiobank,
  title={PhysioBank, PhysioToolkit, and PhysioNet: components of a new research resource for complex physiologic signals},
  author={Goldberger, Ary L and Amaral, Luis AN and Glass, Leon and Hausdorff, Jeffrey M and Ivanov, Plamen Ch and Mark, Roger G and Mietus, Joseph E and Moody, George B and Peng, Chung-Kang and Stanley, H Eugene},
  journal={circulation},
  volume={101},
  number={23},
  pages={e215--e220},
  year={2000},
  publisher={Am Heart Assoc}
}

@article{brabec2018bad,
  title={Bad practices in evaluation methodology relevant to class-imbalanced problems},
  author={Brabec, Jan and Machlica, Lukas},
  journal={arXiv preprint arXiv:1812.01388},
  year={2018}
}

@article{dulac2015deep,
  title={Deep reinforcement learning in large discrete action spaces},
  author={Dulac-Arnold, Gabriel and Evans, Richard and van Hasselt, Hado and Sunehag, Peter and Lillicrap, Timothy and Hunt, Jonathan and Mann, Timothy and Weber, Theophane and Degris, Thomas and Coppin, Ben},
  journal={arXiv preprint arXiv:1512.07679},
  year={2015}
}