@article{pace1997sparse,
  title={Sparse spatial autoregressions},
  author={Pace, R Kelley and Barry, Ronald},
  journal={Statistics \& Probability Letters},
  volume={33},
  number={3},
  pages={291--297},
  year={1997},
  publisher={Elsevier}
}

@misc{NYSE-Kaggle,
  title = {New York Stock Exchange},
  howpublished = {\url{https://www.kaggle.com/dgawlik/nyse}},
}

@article{iyer2015polyhedral,
  title={Polyhedral aspects of submodularity, convexity and concavity},
  author={Iyer, Rishabh and Bilmes, Jeff},
  journal={arXiv preprint arXiv:1506.07329},
  year={2015}
}
@inproceedings{jaaai,
  title={Classification with costly features using deep reinforcement learning},
  author={Janisch, Jarom{\'\i}r and Pevn{\`y}, Tom{\'a}{\v{s}} and Lis{\`y}, Viliam},
  booktitle={Proceedings of the AAAI Conference on Artificial Intelligence},
  volume={33},
  number={01},
  pages={3959--3966},
  year={2019}
}
 @article{jml,
  title={Classification with costly features as a sequential decision-making problem},
  author={Janisch, Jarom{\'\i}r and Pevn{\`y}, Tom{\'a}{\v{s}} and Lis{\`y}, Viliam},
  journal={Machine Learning},
  volume={109},
  pages={1587--1615},
  year={2020},
  publisher={Springer}
}
@article{dulac2012sequential,
  title={Sequential approaches for learning datum-wise sparse representations},
  author={Dulac-Arnold, Gabriel and Denoyer, Ludovic and Preux, Philippe and Gallinari, Patrick},
  journal={Machine learning},
  volume={89},
  pages={87--122},
  year={2012},
  publisher={Springer}
}

@article{l1,
  title={Dynamic instance-wise joint feature selection and classification},
  author={Liyanage, Yasitha Warahena and Zois, Daphney-Stavroula and Chelmis, Charalampos},
  journal={IEEE Transactions on Artificial Intelligence},
  volume={2},
  number={2},
  pages={169--184},
  year={2021},
  publisher={IEEE}
}

@article{l2,
  title={Dynamic instance-wise joint feature selection and classification},
  author={Liyanage, Yasitha Warahena and Zois, Daphney-Stavroula and Chelmis, Charalampos},
  journal={IEEE Transactions on Artificial Intelligence},
  volume={2},
  number={2},
  pages={169--184},
  year={2021},
  publisher={IEEE}
}
@inproceedings{xiao2022group,
  title={Group-wise feature selection for supervised learning},
  author={Xiao, Qi and Li, Hebi and Tian, Jin and Wang, Zhengdao},
  booktitle={ICASSP 2022-2022 IEEE International Conference on Acoustics, Speech and Signal Processing (ICASSP)},
  pages={3149--3153},
  year={2022},
  organization={IEEE}
}
@article{hu2018survey,
  title={A survey on online feature selection with streaming features},
  author={Hu, Xuegang and Zhou, Peng and Li, Peipei and Wang, Jing and Wu, Xindong},
  journal={Frontiers of Computer Science},
  volume={12},
  pages={479--493},
  year={2018},
  publisher={Springer}
}
@article{yu2016scalable,
  title={Scalable and accurate online feature selection for big data},
  author={Yu, Kui and Wu, Xindong and Ding, Wei and Pei, Jian},
  journal={ACM Transactions on Knowledge Discovery from Data (TKDD)},
  volume={11},
  number={2},
  pages={1--39},
  year={2016},
  publisher={ACM New York, NY, USA}
}


@inproceedings{act1,
  title={Active feature-value acquisition for classifier induction},
  author={Melville, Prem and Saar-Tsechansky, Maytal and Provost, Foster and Mooney, Raymond},
  booktitle={Fourth IEEE International Conference on Data Mining (ICDM'04)},
  pages={483--486},
  year={2004},
  organization={IEEE}
}

@article{act2,
  title={Active feature-value acquisition},
  author={Saar-Tsechansky, Maytal and Melville, Prem and Provost, Foster},
  journal={Management Science},
  volume={55},
  number={4},
  pages={664--684},
  year={2009},
  publisher={INFORMS}
}

@inproceedings{act3,
  title={Active feature acquisition with supervised matrix completion},
  author={Huang, Sheng-Jun and Xu, Miao and Xie, Ming-Kun and Sugiyama, Masashi and Niu, Gang and Chen, Songcan},
  booktitle={Proceedings of the 24th ACM SIGKDD International Conference on Knowledge Discovery \& Data Mining},
  pages={1571--1579},
  year={2018}
}

 @incollection{wilcoxon1992individual,
  title={Individual comparisons by ranking methods},
  author={Wilcoxon, Frank},
  booktitle={Breakthroughs in statistics},
  pages={196--202},
  year={1992},
  publisher={Springer}
}

@article{chang2001libsvm,
  title={LIBSVM: a library for support vector machines," 2001. Software available at http://www. csie. ntu. edu. tw/\~{} cjlin/libsvm},
  author={Chang, Chih-Chung and Lin, Chih-Jen},
  year={2001},
  publisher={Citeseer}
}

@article{DBLP:journals/corr/abs-1811-07863,
  author    = {Khashayar Gatmiry and
               Manuel Gomez{-}Rodriguez},
  title     = {On the Network Visibility Problem},
  journal   = {CoRR},
  volume    = {abs/1811.07863},
  year      = {2018},
  url       = {http://arxiv.org/abs/1811.07863},
  archivePrefix = {arXiv},
  eprint    = {1811.07863},
  timestamp = {Mon, 26 Nov 2018 12:52:45 +0100},
  biburl    = {https://dblp.org/rec/journals/corr/abs-1811-07863.bib},
  bibsource = {dblp computer science bibliography, https://dblp.org}
}
@inproceedings{NIPS2013_c1e39d91,
 author = {Iyer, Rishabh K and Jegelka, Stefanie and Bilmes, Jeff A},
 booktitle = {NeurIPS},
 title = {Curvature and Optimal Algorithms for Learning and Minimizing Submodular Functions},
  year = {2013}
}
@article{bousquet2002stability,
  title={Stability and generalization},
  author={Bousquet, Olivier and Elisseeff, Andr{\'e}},
  journal={The Journal of Machine Learning Research},
  volume={2},
  pages={499--526},
  year={2002},
  publisher={JMLR. org}
}
@inproceedings{pl2,
  title={Stability and generalization of learning algorithms that converge to global optima},
  author={Charles, Zachary and Papailiopoulos, Dimitris},
  booktitle={International Conference on Machine Learning},
  pages={745--754},
  year={2018},
  organization={PMLR}
}
 
@inproceedings{pl1,
  title={Linear convergence of gradient and proximal-gradient methods under the polyak-{\l}ojasiewicz condition},
  author={Karimi, Hamed and Nutini, Julie and Schmidt, Mark},
  booktitle={Joint European Conference on Machine Learning and Knowledge Discovery in Databases},
  pages={795--811},
  year={2016},
  organization={Springer}
}
@inproceedings{zhang2016submodular,
  title={Submodular optimization with routing constraints},
  author={Zhang, Haifeng and Vorobeychik, Yevgeniy},
  booktitle={Proceedings of the AAAI conference on artificial intelligence},
  volume={30},
  number={1},
  year={2016}
}
@misc{tensorflow2015-whitepaper,
title={{TensorFlow}: Large-Scale Machine Learning on Heterogeneous Systems},
url={http://tensorflow.org/},
note={Software available from tensorflow.org},
author={
    Mart\'{\i}n~Abadi and
    Ashish~Agarwal and
    Paul~Barham and
    Eugene~Brevdo and
    Zhifeng~Chen and
    Craig~Citro and
    Greg~S.~Corrado and
    Andy~Davis and
    Jeffrey~Dean and
    Matthieu~Devin and
    Sanjay~Ghemawat and
    Ian~Goodfellow and
    Andrew~Harp and
    Geoffrey~Irving and
    Michael~Isard and
    Yangqing Jia and
    Rafal~Jozefowicz and
    Lukasz~Kaiser and
    Manjunath~Kudlur and
    Josh~Levenberg and
    Dan~Man\'{e} and
    Rajat~Monga and
    Sherry~Moore and
    Derek~Murray and
    Chris~Olah and
    Mike~Schuster and
    Jonathon~Shlens and
    Benoit~Steiner and
    Ilya~Sutskever and
    Kunal~Talwar and
    Paul~Tucker and
    Vincent~Vanhoucke and
    Vijay~Vasudevan and
    Fernanda~Vi\'{e}gas and
    Oriol~Vinyals and
    Pete~Warden and
    Martin~Wattenberg and
    Martin~Wicke and
    Yuan~Yu and
    Xiaoqiang~Zheng},
  year={2015},
}

@article{paszke2017automatic,
  title={Automatic differentiation in PyTorch},
  author={Paszke, Adam and Gross, Sam and Chintala, Soumith and Chanan, Gregory and Yang, Edward and DeVito, Zachary and Lin, Zeming and Desmaison, Alban and Antiga, Luca and Lerer, Adam},
  year={2017}
}
@article{zhi1994analysis,
  title={Analysis of an approximate gradient projection method with applications to the backpropagation algorithm},
  author={Zhi-Quan, Luo and Paul, Tseng},
  journal={Optimization Methods and Software},
  volume={4},
  number={2},
  pages={85--101},
  year={1994},
  publisher={Taylor \& Francis}
}
@article{rothenhausler2018anchor,
  title={Anchor regression: heterogeneous data meets causality},
  author={Rothenh{\"a}usler, Dominik and Meinshausen, Nicolai and B{\"u}hlmann, Peter and Peters, Jonas},
  journal={arXiv preprint arXiv:1801.06229},
  year={2018}
}
@article{zeiler2012adadelta,
  title={Adadelta: an adaptive learning rate method},
  author={Zeiler, Matthew D},
  journal={arXiv preprint arXiv:1212.5701},
  year={2012}
}
@article{duchi2011adaptive,
  title={Adaptive subgradient methods for online learning and stochastic optimization.},
  author={Duchi, John and Hazan, Elad and Singer, Yoram},
  journal={Journal of machine learning research},
  volume={12},
  number={7},
  year={2011}
}
@inproceedings{han2018co,
  title={Co-teaching: Robust training of deep neural networks with extremely noisy labels},
  author={Han, Bo and Yao, Quanming and Yu, Xingrui and Niu, Gang and Xu, Miao and Hu, Weihua and Tsang, Ivor and Sugiyama, Masashi},
  booktitle={Advances in neural information processing systems},
  pages={8527--8537},
  year={2018}
}

@inproceedings{active1,
  title={Submodularity in data subset selection and active learning},
  author={Wei, Kai and Iyer, Rishabh and Bilmes, Jeff},
  booktitle={International Conference on Machine Learning},
  pages={1954--1963},
  year={2015}
}
@article{hashemi2019submodular,
  title={Submodular observation selection and information gathering for quadratic models},
  author={Hashemi, Abolfazl and Ghasemi, Mahsa and Vikalo, Haris and Topcu, Ufuk},
  journal={arXiv preprint arXiv:1905.09919},
  year={2019}
}
@inproceedings{ren2018learning,
  title={Learning to Reweight Examples for Robust Deep Learning},
  author={Ren, Mengye and Zeng, Wenyuan and Yang, Bin and Urtasun, Raquel},
  booktitle={International Conference on Machine Learning},
  pages={4334--4343},
  year={2018}
}
@inproceedings{iyer2013fast,
  title={Fast semidifferential-based submodular function optimization: Extended version},
  author={Iyer, Rishabh and Jegelka, Stefanie and Bilmes, Jeff},
  booktitle={ICML},
  year={2013}
}
@article{iyer2012algorithms,
  title={Algorithms for approximate minimization of the difference between submodular functions, with applications},
  author={Iyer, Rishabh and Bilmes, Jeff},
  journal={arXiv preprint arXiv:1207.0560},
  year={2012}
}
@article{bian2017guarantees,
  title={Guarantees for greedy maximization of non-submodular functions with applications},
  author={Bian, Andrew An and Buhmann, Joachim M and Krause, Andreas and Tschiatschek, Sebastian},
  journal={arXiv preprint arXiv:1703.02100},
  year={2017}
}
@article{gatmiry2018non,
  title={Non-submodular function maximization subject to a matroid constraint, with applications},
  author={Gatmiry, Khashayar and Gomez-Rodriguez, Manuel},
  journal={arXiv preprint arXiv:1811.07863},
  year={2018}
}
@InProceedings{Hassidim2018,
  author       = {Hassidim, Avinatan and Singer, Yaron},
  title        = {Optimization for approximate submodularity},
  booktitle    = NIPS,
  year         = {2018},
  pages        = {394--405},
  organization = {Curran Associates Inc.},
}

@inproceedings{bhatia2017consistent,
  title={Consistent robust regression},
  author={Bhatia, Kush and Jain, Prateek and Kamalaruban, Parameswaran and Kar, Purushottam},
  booktitle={Advances in Neural Information Processing Systems},
  pages={2110--2119},
  year={2017}
}
@article{lehmann2006combinatorial,
  title={Combinatorial auctions with decreasing marginal utilities},
  author={Lehmann, Benny and Lehmann, Daniel and Nisan, Noam},
  journal={Games and Economic Behavior},
  volume={55},
  number={2},
  pages={270--296},
  year={2006},
  publisher={Elsevier}
}
@inproceedings{hassani2017gradient,
  title={Gradient methods for submodular maximization},
  author={Hassani, Hamed and Soltanolkotabi, Mahdi and Karbasi, Amin},
  booktitle={Advances in Neural Information Processing Systems},
  pages={5841--5851},
  year={2017}
}

@inproceedings{zhang2020distilling,
  title={Distilling Effective Supervision from Severe Label Noise},
  author={Zhang, Zizhao and Zhang, Han and Arik, Sercan O and Lee, Honglak and Pfister, Tomas},
  booktitle={Proceedings of the IEEE/CVF Conference on Computer Vision and Pattern Recognition},
  pages={9294--9303},
  year={2020}
}

@inproceedings{jiang2018mentornet,
  title={Mentornet: Learning data-driven curriculum for very deep neural networks on corrupted labels},
  author={Jiang, Lu and Zhou, Zhengyuan and Leung, Thomas and Li, Li-Jia and Fei-Fei, Li},
  booktitle={International Conference on Machine Learning},
  pages={2304--2313},
  year={2018}
}

@inproceedings{malach2017decoupling,
  title={Decoupling" when to update" from" how to update"},
  author={Malach, Eran and Shalev-Shwartz, Shai},
  booktitle={Advances in Neural Information Processing Systems},
  pages={960--970},
  year={2017}
}

@inproceedings{har2004coresets,
  title={On coresets for k-means and k-median clustering},
  author={Har-Peled, Sariel and Mazumdar, Soham},
  booktitle={Proceedings of the thirty-sixth annual ACM symposium on Theory of computing},
  pages={291--300},
  year={2004}
}

@inproceedings{li2013iterative,
  title={Iterative row sampling},
  author={Li, Mu and Miller, Gary L and Peng, Richard},
  booktitle={2013 IEEE 54th Annual Symposium on Foundations of Computer Science},
  pages={127--136},
  year={2013},
  organization={IEEE}
}
@article{boutsidis2013near,
  title={Near-optimal coresets for least-squares regression},
  author={Boutsidis, Christos and Drineas, Petros and Magdon-Ismail, Malik},
  journal={IEEE transactions on information theory},
  volume={59},
  number={10},
  pages={6880--6892},
  year={2013},
  publisher={IEEE}
}

@inproceedings{strubell2019energy,
  title={Energy and Policy Considerations for Deep Learning in NLP},
  author={Strubell, Emma and Ganesh, Ananya and McCallum, Andrew},
  booktitle={Proceedings of the 57th Annual Meeting of the Association for Computational Linguistics},
  pages={3645--3650},
  year={2019}
}

@inproceedings{musco2017recursive,
  title={Recursive sampling for the nystrom method},
  author={Musco, Cameron and Musco, Christopher},
  booktitle={Advances in Neural Information Processing Systems},
  pages={3833--3845},
  year={2017}
}

@article{agarwal2004approximating,
  title={Approximating extent measures of points},
  author={Agarwal, Pankaj K and Har-Peled, Sariel and Varadarajan, Kasturi R},
  journal={Journal of the ACM (JACM)},
  volume={51},
  number={4},
  pages={606--635},
  year={2004},
  publisher={ACM New York, NY, USA}
}

@inproceedings{clarkson2010coresets,
  title={Coresets, sparse greedy approximation, and the Frank-Wolfe algorithm},
  author={Clarkson, Kenneth L},
  journal={ACM Transactions on Algorithms (TALG)},
  year={2010},
}

@inproceedings{campbell2018bayesian,
  title={Bayesian Coreset Construction via Greedy Iterative Geodesic Ascent},
  author={Campbell, Trevor and Broderick, Tamara},
  booktitle={International Conference on Machine Learning},
  pages={698--706},
  year={2018}
}

@inproceedings{kirchhoff2014submodularity,
  title={Submodularity for data selection in machine translation},
  author={Kirchhoff, Katrin and Bilmes, Jeff},
  booktitle={Proceedings of the 2014 Conference on Empirical Methods in Natural Language Processing (EMNLP)},
  pages={131--141},
  year={2014}
}

@inproceedings{cohen2017input,
  title={Input sparsity time low-rank approximation via ridge leverage score sampling},
  author={Cohen, Michael B and Musco, Cameron and Musco, Christopher},
  booktitle={Proceedings of the Twenty-Eighth Annual ACM-SIAM Symposium on Discrete Algorithms},
  pages={1758--1777},
  year={2017},
  organization={SIAM}
}

@article{lucic2017training,
  title={Training Gaussian mixture models at scale via coresets},
  author={Lucic, Mario and Faulkner, Matthew and Krause, Andreas and Feldman, Dan},
  journal={The Journal of Machine Learning Research},
  volume={18},
  number={1},
  pages={5885--5909},
  year={2017},
  publisher={JMLR. org}
}

@article{coleman2019selection,
  title={Selection via proxy: Efficient data selection for deep learning},
  author={Coleman, Cody and Yeh, Christopher and Mussmann, Stephen and Mirzasoleiman, Baharan and Bailis, Peter and Liang, Percy and Leskovec, Jure and Zaharia, Matei},
  journal={ International Conference on Learning Representations (ICLR)},
  year={2020}
}

@inproceedings{active2,
  title={Active Learning for Convolutional Neural Networks: A Core-Set Approach},
  author={Sener, Ozan and Savarese, Silvio},
  booktitle={International Conference on Learning Representations},
  year={2018}
}

@inproceedings{active3,
  title={Deep Batch Active Learning by Diverse, Uncertain Gradient Lower Bounds.},
  author={Ash, Jordan T and Zhang, Chicheng and Krishnamurthy, Akshay and Langford, John and Agarwal, Alekh},
  booktitle={ICLR},
  year={2020}
}

@inproceedings{mirzasoleiman2020,
  title={Coresets for Robust Training of Deep Networks against Noisy Labels.},
  author={Mirzasoleiman, Baharan and Cao, Kaidi and Leskovec, Jure },
  booktitle={To appear},
  year={2020}
}

@inproceedings{active4,
  title={Learning from less data: A unified data subset selection and active learning framework for computer vision},
  author={Kaushal, Vishal and Iyer, Rishabh and Kothawade, Suraj and Mahadev, Rohan and Doctor, Khoshrav and Ramakrishnan, Ganesh},
  booktitle={2019 IEEE Winter Conference on Applications of Computer Vision (WACV)},
  pages={1289--1299},
  year={2019},
  organization={IEEE}
}

@inproceedings{wei2015mixed,
  title={Mixed robust/average submodular partitioning: Fast algorithms, guarantees, and applications},
  author={Wei, Kai and Iyer, Rishabh K and Wang, Shengjie and Bai, Wenruo and Bilmes, Jeff A},
  booktitle={Advances in Neural Information Processing Systems},
  pages={2233--2241},
  year={2015}
}

@article{zoph2016neural,
  title={Neural architecture search with reinforcement learning},
  author={Zoph, Barret and Le, Quoc V},
  journal={arXiv preprint arXiv:1611.01578},
  year={2016}
}

@article{collins2016capacity,
  title={Capacity and trainability in recurrent neural networks},
  author={Collins, Jasmine and Sohl-Dickstein, Jascha and Sussillo, David},
  journal={arXiv preprint arXiv:1611.09913},
  year={2016}
}

@article{asi2019importance,
  title={The importance of better models in stochastic optimization},
  author={Asi, Hilal and Duchi, John C},
  journal={Proceedings of the National Academy of Sciences},
  volume={116},
  number={46},
  pages={22924--22930},
  year={2019},
  publisher={National Acad Sciences}
}

@article{schwartz2019green,
  title={Green ai},
  author={Schwartz, Roy and Dodge, Jesse and Smith, Noah A and Etzioni, Oren},
  journal={arXiv preprint arXiv:1907.10597},
  year={2019}
}

@article{mirzasoleiman2019coresets,
  title={Coresets for Data-efficient Training of Machine Learning Models},
  author={Mirzasoleiman, Baharan and Bilmes, Jeff and Leskovec, Jure},
  journal={In Proc. ICML},
  year={2020}
}

@article{bilmes2013deep,
  title={Deep mathematical properties of submodularity with applications to machine learning},
  author={Bilmes, Jeff},
  journal={NIPS Tutorial},
  year={2013},
  publisher={Citeseer}
}

@article{krause2013submodularity,
  title={Submodularity in machine learning--new directions},
  author={Krause, Andreas and Jegelka, Stefanie},
  journal={ICML Tutorial},
  volume={2},
  year={2013}
}

@phdthesis{iyer2015submodular,
  title={Submodular optimization and machine learning: Theoretical results, unifying and scalable algorithms, and applications},
  author={Iyer, Rishabh Krishnan},
  year={2015}
}

@article{iyerramakrishnan2020tutorial,
  title={Submodular Optimization Approaches for Data, Feature and Topic Summarization},
  author={Iyer, Rishabh and Ramakrishnan, Ganesh},
  journal={ECAI and IJCAI Tutorial},
  year={2020}
}
@article{nemhauser1978analysis,
  title={An analysis of approximations for maximizing submodular set functions—I},
  author={Nemhauser, George L and Wolsey, Laurence A and Fisher, Marshall L},
  journal={Mathematical programming},
  volume={14},
  number={1},
  pages={265--294},
  year={1978},
  publisher={Springer}
}
@article{hassaniicml2020,
  title={{ICML 2020 Tutorial on Submodular Optimization: From Discrete to Continuous and Back}},
  author={Hassani, Hamed and Karbasi, Amin},
  journal={ICML Tutorial},
  year={2020}
}

@article{killamsetty2020glister,
  title={GLISTER: A Generalization based Data Selection Framework for Efficient and Robust Learning},
  author={Killamsetty, Krishnateja and Subramanian, Durga and Ramakrishnan, Ganesh and Iyer, Rishabh},
  journal={In AAAI},
  year={2021}
}
@article{cuha,
  title={Classification Under Human Assistance},
  author={De, Abir and Okati, Nastaran and Zarezade, Ali and Gomez-Rodriguez, Manuel},
  journal={AAAI},
  year={2021}
}
 
@article{ruha,
  title={Regression Under Human Assistance},
  author={De, Abir and Koley, Paramita and Ganguly, Niloy and Gomez-Rodriguez, Manuel},
  journal={AAAI},
  year={2020}
}
@inproceedings{wei2014unsupervised,
  title={Unsupervised submodular subset selection for speech data},
  author={Wei, Kai and Liu, Yuzong and Kirchhoff, Katrin and Bilmes, Jeff},
  booktitle={2014 IEEE International Conference on Acoustics, Speech and Signal Processing (ICASSP)},
  pages={4107--4111},
  year={2014},
  organization={IEEE}
}

@inproceedings{wei2014submodular,
  title={Submodular subset selection for large-scale speech training data},
  author={Wei, Kai and Liu, Yuzong and Kirchhoff, Katrin and Bartels, Chris and Bilmes, Jeff},
  booktitle={2014 IEEE International Conference on Acoustics, Speech and Signal Processing (ICASSP)},
  pages={3311--3315},
  year={2014},
  organization={IEEE}
}

@inproceedings{wei2014fast,
  title={Fast multi-stage submodular maximization},
  author={Wei, Kai and Iyer, Rishabh and Bilmes, Jeff},
  booktitle={International conference on machine learning},
  pages={1494--1502},
  year={2014},
  organization={PMLR}
}
@article{calinescu2011maximizing,
  title={Maximizing a monotone submodular function subject to a matroid constraint},
  author={Calinescu, Gruia and Chekuri, Chandra and Pal, Martin and Vondr{\'a}k, Jan},
  journal={SIAM Journal on Computing},
  volume={40},
  number={6},
  pages={1740--1766},
  year={2011},
  publisher={SIAM}
}
 @inproceedings{charikar2002similarity,
  title={Similarity estimation techniques from rounding algorithms},
  author={Charikar, Moses S},
  booktitle={Proceedings of the thiry-fourth annual ACM symposium on Theory of computing},
  pages={380--388},
  year={2002}
}

@inproceedings{badanidiyuru2014streaming,
  title={Streaming submodular maximization: Massive data summarization on the fly},
  author={Badanidiyuru, Ashwinkumar and Mirzasoleiman, Baharan and Karbasi, Amin and Krause, Andreas},
  booktitle={Proceedings of the 20th ACM SIGKDD international conference on Knowledge discovery and data mining},
  pages={671--680},
  year={2014}
}

@inproceedings{iyer2013submodular,
  title={Submodular optimization with submodular cover and submodular knapsack constraints},
  author={Iyer, Rishabh K and Bilmes, Jeff A},
  booktitle={Advances in Neural Information Processing Systems},
  pages={2436--2444},
  year={2013}
}

@article{coleman2019selection,
  title={Selection via proxy: Efficient data selection for deep learning},
  author={Coleman, Cody and Yeh, Christopher and Mussmann, Stephen and Mirzasoleiman, Baharan and Bailis, Peter and Liang, Percy and Leskovec, Jure and Zaharia, Matei},
  journal={In ICLR},
  year={2020}
}

@article{iyer2020submodular,
  title={Submodular combinatorial information measures with applications in machine learning},
  author={Iyer, Rishabh and Khargoankar, Ninad and Bilmes, Jeff and Asanani, Himanshu},
  journal={arXiv preprint arXiv:2006.15412},
  year={2020}
}

@inproceedings{liu2015svitchboard,
  title={SVitchboard II and FiSVer I: High-quality limited-complexity corpora of conversational English speech},
  author={Liu, Yuzong and Iyer, Rishabh and Kirchhoff, Katrin and Bilmes, Jeff},
  booktitle={Sixteenth Annual Conference of the International Speech Communication Association},
  year={2015}
}

@inproceedings{bairi2015summarization,
  title={Summarization of multi-document topic hierarchies using submodular mixtures},
  author={Bairi, Ramakrishna and Iyer, Rishabh and Ramakrishnan, Ganesh and Bilmes, Jeff},
  booktitle={ACL},
  pages={553--563},
  year={2015}
}

@inproceedings{shinohara2014submodular,
  title={A submodular optimization approach to sentence set selection},
  author={Shinohara, Yusuke},
  booktitle={2014 IEEE International Conference on Acoustics, Speech and Signal Processing (ICASSP)},
  pages={4112--4115},
  year={2014},
  organization={IEEE}
}

@inproceedings{mirzasoleiman2013distributed,
  title={Distributed submodular maximization: Identifying representative elements in massive data},
  author={Mirzasoleiman, Baharan and Karbasi, Amin and Sarkar, Rik and Krause, Andreas},
  booktitle={Advances in Neural Information Processing Systems},
  pages={2049--2057},
  year={2013}
}

@incollection{feldman2020core,
  title={Core-Sets: Updated Survey},
  author={Feldman, Dan},
  booktitle={Sampling Techniques for Supervised or Unsupervised Tasks},
  pages={23--44},
  year={2020},
  publisher={Springer}
}

@misc{wolf2011facility,
  title={Facility location: concepts, models, algorithms and case studies. Series: Contributions to Management Science: edited by Zanjirani Farahani, Reza and Hekmatfar, Masoud, Heidelberg, Germany, Physica-Verlag, 2009},
  author={Wolf, Gert W},
  year={2011},
  publisher={Taylor \& Francis}
}

@inproceedings{barbosa2016new,
  title={A new framework for distributed submodular maximization},
  author={Barbosa, Rafael da Ponte and Ene, Alina and Nguyen, Huy L and Ward, Justin},
  booktitle={2016 IEEE 57th Annual Symposium on Foundations of Computer Science (FOCS)},
  pages={645--654},
  year={2016},
  organization={Ieee}
}

@techreport{activeSurvey,
  title={Active learning literature survey},
  author={Settles, Burr},
  year={2009},
  institution={University of Wisconsin-Madison Department of Computer Sciences}
}

@incollection{minoux1978accelerated,
  title={Accelerated greedy algorithms for maximizing submodular set functions},
  author={Minoux, Michel},
  booktitle={Optimization techniques},
  pages={234--243},
  year={1978},
  publisher={Springer}
}

@inproceedings{dasgupta2013summarization,
  title={Summarization through submodularity and dispersion},
  author={Dasgupta, Anirban and Kumar, Ravi and Ravi, Sujith},
  booktitle={Proceedings of the 51st Annual Meeting of the Association for Computational Linguistics (Volume 1: Long Papers)},
  pages={1014--1022},
  year={2013}
}

@inproceedings{active5,
  title={Robust classification under covariate shift with application to active learning},
  author={Liu, Anqi},
  booktitle={AAAI},
  year={2016}
}

@inproceedings{buchbinder2014submodular,
  title={Submodular maximization with cardinality constraints},
  author={Buchbinder, Niv and Feldman, Moran and Naor, Joseph and Schwartz, Roy},
  booktitle={Proceedings of the twenty-fifth annual ACM-SIAM symposium on Discrete algorithms},
  pages={1433--1452},
  year={2014},
  organization={SIAM}
}
 
@article{das2011submodular,
  title={Submodular meets spectral: Greedy algorithms for subset selection, sparse approximation and dictionary selection},
  author={Das, Abhimanyu and Kempe, David},
  journal={arXiv preprint arXiv:1102.3975},
  year={2011}
}

@article{indyk1999approximate,
  title={Approximate Nearest Neighbors: Towards Removing the},
  author={Indyk, Piotr and Motwani, Rajeev},
  year={1999}
}

@inproceedings{geng2007feature,
  title={Feature selection for ranking},
  author={Geng, Xiubo and Liu, Tie-Yan and Qin, Tao and Li, Hang},
  booktitle={Proceedings of the 30th annual international ACM SIGIR conference on Research and development in information retrieval},
  pages={407--414},
  year={2007}
}

@article{babu2016wrapper,
  title={Wrapper based feature selection in semantic medical information retrieval},
  author={Babu, R Lenin and Vijayan, S},
  journal={Journal of Medical Imaging and Health Informatics},
  volume={6},
  number={3},
  pages={802--805},
  year={2016},
  publisher={American Scientific Publishers}
}


@inproceedings{lee2009non,
  title={Non-monotone submodular maximization under matroid and knapsack constraints},
  author={Lee, Jon and Mirrokni, Vahab S and Nagarajan, Viswanath and Sviridenko, Maxim},
  booktitle={Proceedings of the forty-first annual ACM symposium on Theory of computing},
  pages={323--332},
  year={2009}
}
@article{goodfellow2014explaining,
  title={Explaining and harnessing adversarial examples},
  author={Goodfellow, Ian J and Shlens, Jonathon and Szegedy, Christian},
  journal={arXiv preprint arXiv:1412.6572},
  year={2014}
}

@article{szegedy2013intriguing,
  title={Intriguing properties of neural networks},
  author={Szegedy, Christian and Zaremba, Wojciech and Sutskever, Ilya and Bruna, Joan and Erhan, Dumitru and Goodfellow, Ian and Fergus, Rob},
  journal={arXiv preprint arXiv:1312.6199},
  year={2013}
}
@inproceedings{liu2014robust,
  title={Robust classification under sample selection bias},
  author={Liu, Anqi and Ziebart, Brian},
  booktitle={Advances in neural information processing systems},
  pages={37--45},
  year={2014}
}

@inproceedings{he2016deep,
  title={Deep residual learning for image recognition},
  author={He, Kaiming and Zhang, Xiangyu and Ren, Shaoqing and Sun, Jian},
  booktitle={Proceedings of the IEEE conference on computer vision and pattern recognition},
  pages={770--778},
  year={2016}
}

@article{lecun1989backpropagation,
  title={Backpropagation applied to handwritten zip code recognition},
  author={LeCun, Yann and Boser, Bernhard and Denker, John S and Henderson, Donnie and Howard, Richard E and Hubbard, Wayne and Jackel, Lawrence D},
  journal={Neural computation},
  volume={1},
  number={4},
  pages={541--551},
  year={1989},
  publisher={MIT Press}
}
@article{bhatia2015robust,
  title={Robust regression via hard thresholding},
  author={Bhatia, Kush and Jain, Prateek and Kar, Purushottam},
  journal={Advances in neural information processing systems},
  volume={28},
  pages={721--729},
  year={2015}
}
@article{lipton2018detecting,
  title={Detecting and correcting for label shift with black box predictors},
  author={Lipton, Zachary C and Wang, Yu-Xiang and Smola, Alex},
  journal={arXiv preprint arXiv:1802.03916},
  year={2018}
}

@inproceedings{zhang2018generalized,
  title={Generalized cross entropy loss for training deep neural networks with noisy labels},
  author={Zhang, Zhilu and Sabuncu, Mert},
  booktitle={Advances in neural information processing systems},
  pages={8778--8788},
  year={2018}
}

@article{scholkopf2012causal,
  title={On causal and anticausal learning},
  author={Sch{\"o}lkopf, Bernhard and Janzing, Dominik and Peters, Jonas and Sgouritsa, Eleni and Zhang, Kun and Mooij, Joris},
  journal={arXiv preprint arXiv:1206.6471},
  year={2012}
}
 @book{casella2002statistical,
  title={Statistical inference},
  author={Casella, George and Berger, Roger L},
  volume={2},
  year={2002},
  publisher={Duxbury Pacific Grove, CA}
}
@inproceedings{agarwal2019fair,
  title={Fair regression: Quantitative definitions and reduction-based algorithms},
  author={Agarwal, Alekh and Dudik, Miroslav and Wu, Zhiwei Steven},
  booktitle={International Conference on Machine Learning},
  pages={120--129},
  year={2019},
  organization={PMLR}
}
@article{gretton2009covariate,
  title={Covariate shift by kernel mean matching},
  author={Gretton, Arthur and Smola, Alex and Huang, Jiayuan and Schmittfull, Marcel and Borgwardt, Karsten and Sch{\"o}lkopf, Bernhard},
  journal={Dataset shift in machine learning},
  volume={3},
  number={4},
  pages={5},
  year={2009}
}

@book{fujishige2005submodular,
  title={Submodular functions and optimization},
  author={Fujishige, Satoru},
  year={2005},
  publisher={Elsevier}
}

 

@incollection{fisher1978analysis,
  title={An analysis of approximations for maximizing submodular set functions—II},
  author={Fisher, Marshall L and Nemhauser, George L and Wolsey, Laurence A},
  booktitle={Polyhedral combinatorics},
  pages={73--87},
  year={1978},
  publisher={Springer}
}

@article{shimodaira2000improving,
  title={Improving predictive inference under covariate shift by weighting the log-likelihood function},
  author={Shimodaira, Hidetoshi},
  journal={Journal of statistical planning and inference},
  volume={90},
  number={2},
  pages={227--244},
  year={2000},
  publisher={Elsevier}
}

@article{active6,
  title={Active Learning under Label Shift},
  author={Zhao, Eric and Liu, Anqi and Anandkumar, Animashree and Yue, Yisong},
  journal={arXiv preprint arXiv:2007.08479},
  year={2020}
}

@article{law,
title= {LSAC National Longitudinal Bar Passage
Study},
author = {Wightman},
year = {1998},
}

@article{scikit-learn,
 title={Scikit-learn: Machine Learning in {P}ython},
 author={Pedregosa, F. and Varoquaux, G. and Gramfort, A. and Michel, V.
         and Thirion, B. and Grisel, O. and Blondel, M. and Prettenhofer, P.
         and Weiss, R. and Dubourg, V. and Vanderplas, J. and Passos, A. and
         Cournapeau, D. and Brucher, M. and Perrot, M. and Duchesnay, E.},
 journal={Journal of Machine Learning Research},
 volume={12},
 pages={2825--2830},
 year={2011}
}
@InCollection{Horel2016,
  author    = {Horel, Thibaut and Singer, Yaron},
  title     = {Maximization of Approximately Submodular Functions},
  booktitle = NIPS,
  year      = {2016},
}
@InProceedings{Singla2016,
  author    = {Singla, Adish and Tschiatschek, Sebastian and Krause, Andreas},
  title     = {Noisy Submodular Maximization via Adaptive Sampling with Applications to Crowdsourced Image Collection Summarization},
  booktitle = AAAI,
  year      = {2016},}
@InProceedings{Hassidim2017,
  author    = {Avinatan Hassidim and Yaron Singer},
  title     = {Submodular Optimization under Noise},
  booktitle = COLT,
  year      = {2017},
}
@misc{Dua:2019 ,
author = "Dua, Dheeru and Graff, Casey",
year = "2017",
title = "{UCI} Machine Learning Repository",
url = "http://archive.ics.uci.edu/ml",
institution = "University of California, Irvine, School of Information and Computer Sciences" }
 
@InProceedings{Qian2017a,
  author    = {Qian, Chao and Shi, Jing-Cheng and Yu, Yang and Tang, Ke and Zhou, Zhi-Hua},
  title     = {Subset selection under noise},
  booktitle = NIPS,
  year      = {2017},
  pages     = {3560--3570},
}

@inproceedings{active7,
 author    = {Ashish Kulkarni and
              Narasimha Raju Uppalapati and
              Pankaj Singh and
              Ganesh Ramakrishnan},
 title     = {An Interactive Multi-Label Consensus Labeling Model for Multiple Labeler
              Judgments},
 booktitle = {Proceedings of the Thirty-Second {AAAI} Conference on Artificial Intelligence,
              (AAAI), 2018},
 pages     = {1479--1486},
 publisher = {{AAAI} Press},
 year      = {2018},
}


@InProceedings{Blais2018,
  author       = {Blais, Eric and Canonne, Cl{\'e}ment L and Eden, Talya and Levi, Amit and Ron, Dana},
  title        = {Tolerant junta testing and the connection to submodular optimization and function isomorphism},
  booktitle    = SODA,
  year         = {2018},
  pages        = {2113--2132},
  organization = {Society for Industrial and Applied Mathematics},
}
@Article{Kuhnle2018,
  author  = {Kuhnle, Alan and Smith, J David and Crawford, Victoria G and Thai, My T},
  title   = {Fast Maximization of Non-Submodular, Monotonic Functions on the Integer Lattice},
  journal = {arXiv preprint arXiv:1805.06990},
  year    = {2018},
}

@inproceedings{el2020optimal,
  title={Optimal approximation for unconstrained non-submodular minimization},
  author={El Halabi, Marwa and Jegelka, Stefanie},
  booktitle={International Conference on Machine Learning},
  pages={3961--3972},
  year={2020},
  organization={PMLR}
}

@article{zagoruyko2016wide,
  title={Wide residual networks},
  author={Zagoruyko, Sergey and Komodakis, Nikos},
  journal={arXiv preprint arXiv:1605.07146},
  year={2016}
}

@inproceedings{tan2021efficientnetv2,
  title={Efficientnetv2: Smaller models and faster training},
  author={Tan, Mingxing and Le, Quoc},
  booktitle={International conference on machine learning},
  pages={10096--10106},
  year={2021},
  organization={PMLR}
}

@inproceedings{higgins2017beta,
  title={beta-vae: Learning basic visual concepts with a constrained variational framework},
  author={Higgins, Irina and Matthey, Loic and Pal, Arka and Burgess, Christopher and Glorot, Xavier and Botvinick, Matthew and Mohamed, Shakir and Lerchner, Alexander},
  booktitle={International conference on learning representations},
  year={2017}
}
 

@article{radford2015unsupervised,
  title={Unsupervised representation learning with deep convolutional generative adversarial networks},
  author={Radford, Alec and Metz, Luke and Chintala, Soumith},
  journal={arXiv preprint arXiv:1511.06434},
  year={2015}
}