@inproceedings{shin2020autoprompt,
  title={AutoPrompt: Eliciting Knowledge from Language Models with Automatically Generated Prompts},
  author={Shin, Taylor and Razeghi, Yasaman and Logan IV, Robert L and Wallace, Eric and Singh, Sameer},
  booktitle={Proceedings of the Conference on Empirical Methods in Natural Language Processing},
  pages={4222--4235},
  year={2020}
}
@article{zhou2022learning,
  title={Learning to prompt for vision-language models},
  author={Zhou, Kaiyang and Yang, Jingkang and Loy, Chen Change and Liu, Ziwei},
  journal={International Journal of Computer Vision},
  volume={130},
  number={9},
  pages={2337--2348},
  year={2022},
  publisher={Springer}
}
@inproceedings{zhangdifferentiable,
  title={Differentiable Prompt Makes Pre-trained Language Models Better Few-shot Learners},
  author={Zhang, Ningyu and Li, Luoqiu and Chen, Xiang and Deng, Shumin and Bi, Zhen and Tan, Chuanqi and Huang, Fei and Chen, Huajun},
  booktitle={International Conference on Learning Representations}
}
@inproceedings{petroni2019language,
  title={Language Models as Knowledge Bases?},
  author={Petroni, F and Rockt{\"a}schel, T and Lewis, P and Bakhtin, A and Wu, Y and Miller, AH and Riedel, S},
  year={2019},
  organization={Proceedings of the Association for Computational Linguistics}
}
@article{peng2023instruction,
  title={Instruction tuning with gpt-4},
  author={Peng, Baolin and Li, Chunyuan and He, Pengcheng and Galley, Michel and Gao, Jianfeng},
  journal={arXiv preprint arXiv:2304.03277},
  year={2023}
}
@inproceedings{ju2022prompting,
  title={Prompting visual-language models for efficient video understanding},
  author={Ju, Chen and Han, Tengda and Zheng, Kunhao and Zhang, Ya and Xie, Weidi},
  booktitle={Proceedings of the European Conference on Computer Vision},
  pages={105--124},
  year={2022},
  organization={Springer}
}
@inproceedings{rao2022denseclip,
  title={Denseclip: Language-guided dense prediction with context-aware prompting},
  author={Rao, Yongming and Zhao, Wenliang and Chen, Guangyi and Tang, Yansong and Zhu, Zheng and Huang, Guan and Zhou, Jie and Lu, Jiwen},
  booktitle={Proceedings of the IEEE/CVF Conference on Computer Vision and Pattern Recognition},
  pages={18082--18091},
  year={2022}
}
@article{li2019attribute,
  title={Attribute-identity embedding and self-supervised learning for scalable person re-identification},
  author={Li, Huafeng and Yan, Shuanglin and Yu, Zhengtao and Tao, Dapeng},
  journal={IEEE Transactions on Circuits and Systems for Video Technology},
  volume={30},
  number={10},
  pages={3472--3485},
  year={2019}
}
@article{shi2021amr,
  title={Person Retrieval in Surveillance Videos Via Deep Attribute Mining and Reasoning},
  author={Yuxuan Shi, Zhen Wei and Hefei Ling and Ziyang Wang and Jialie Shen and Ping Li},
  journal      = {{IEEE} Trans. Multim.},
  volume       = {23},
  pages        = {4376--4387},
  year         = {2021}
}
%% market1501 image
@inproceedings{zheng2015scalable,
  title={Scalable person re-identification: A benchmark},
  author={Zheng, Liang and Shen, Liyue and Tian, Lu and Wang, Shengjin and Wang, Jingdong and Tian, Qi},
  booktitle={Proceedings of the IEEE/CVF International Conference on Computer Vision},
  pages={1116--1124},
  year={2015}
}
%% DukeMTMC-reid image
@inproceedings{zheng2017unlabeled,
  title={Unlabeled samples generated by gan improve the person re-identification baseline in vitro},
  author={Zheng, Zhedong and Zheng, Liang and Yang, Yi},
  booktitle={Proceedings of the IEEE/CVF International Conference on Computer Vision},
  pages={3754--3762},
  year={2017}
}
@article{lin2019improving,
  title={Improving Person Re-identification by Attribute and Identity Learning},
  author={Lin, Yutian and Zheng, Liang and Zheng, Zhedong and Wu, Yu and Hu, Zhilan and Yan, Chenggang and Yang, Yi},
  journal={Pattern Recognition},
  doi = {https://doi.org/10.1016/j.patcog.2019.06.006},
  year={2019}
}
@article{ye2021deep,
  title={Deep learning for person re-identification: A survey and outlook},
  author={Ye, Mang and Shen, Jianbing and Lin, Gaojie and Xiang, Tao and Shao, Ling and Hoi, Steven CH},
  journal={IEEE transactions on pattern analysis and machine intelligence},
  volume={44},
  number={6},
  pages={2872--2893},
  year={2021}
}
@inproceedings{zhang2021person,
  title={Person re-identification using heterogeneous local graph attention networks},
  author={Zhang, Zhong and Zhang, Haijia and Liu, Shuang},
  booktitle={Proceedings of the IEEE/CVF Conference on Computer Vision and Pattern Recognition},
  pages={12136--12145},
  year={2021}
}
@inproceedings{jia2022learning,
  title={Learning disentangled attribute representations for robust pedestrian attribute recognition},
  author={Jia, Jian and Gao, Naiyu and He, Fei and Chen, Xiaotang and Huang, Kaiqi},
  booktitle={Proceedings of the AAAI Conference on Artificial Intelligence},
  number={1},
  pages={1069--1077},
  year={2022}
}
@inproceedings{zeng2021multi,
  title={Multi-modal relational graph for cross-modal video moment retrieval},
  author={Zeng, Yawen and Cao, Da and Wei, Xiaochi and Liu, Meng and Zhao, Zhou and Qin, Zheng},
  booktitle={Proceedings of the IEEE/CVF Conference on Computer Vision and Pattern Recognition},
  pages={2215--2224},
  year={2021}
}
@inproceedings{zheng2022progressive,
  title={Progressive Attribute Embedding for Accurate Cross-modality Person Re-ID},
  author={Zheng, Aihua and Pan, Peng and Li, Hongchao and Li, Chenglong and Luo, Bin and Tan, Chang and Jia, Ruoran},
  booktitle={Proceedings of the ACM International Conference on Multimedia},
  pages={4309--4317},
  year={2022}
}
@article{zhang2020person,
  title={Person re-identification with reinforced attribute attention selection},
  author={Zhang, Jianfu and Niu, Li and Zhang, Liqing},
  journal={IEEE Transactions on Image Processing},
  volume={30},
  pages={603--616},
  year={2020}
}
@inproceedings{niu2022cross,
  title={Cross-modal Co-occurrence Attributes Alignments for Person Search by Language},
  author={Niu, Kai and Huang, Linjiang and Huang, Yan and Wang, Peng and Wang, Liang and Zhang, Yanning},
  booktitle={Proceedings of the ACM International Conference on Multimedia},
  pages={4426--4434},
  year={2022}
}
@inproceedings{wu2022fast,
  title={Fast and constrained absent keyphrase generation by prompt-based learning},
  author={Wu, Huanqin and Ma, Baijiaxin and Liu, Wei and Chen, Tao and Nie, Dan},
  booktitle={Proceedings of the AAAI Conference on Artificial Intelligence},
  number={10},
  pages={11495--11503},
  year={2022}
}
@inproceedings{jin2022meta,
  title={Meta clustering learning for large-scale unsupervised person re-identification},
  author={Jin, Xin and He, Tianyu and Shen, Xu and Liu, Tongliang and Wang, Xinchao and Huang, Jianqiang and Chen, Zhibo and Hua, Xian-Sheng},
  booktitle={Proceedings of the ACM International Conference on Multimedia},
  pages={2163--2172},
  year={2022}
}
@inproceedings{zeng2022point,
  title={Point Prompt Tuning for Temporally Language Grounding},
  author={Zeng, Yawen},
  booktitle={Proceedings of the International ACM SIGIR Conference on Research and Development in Information Retrieval},
  pages={2003--2007},
  year={2022}
}
@inproceedings{fu2022large,
  title={Large-scale pre-training for person re-identification with noisy labels},
  author={Fu, Dengpan and Chen, Dongdong and Yang, Hao and Bao, Jianmin and Yuan, Lu and Zhang, Lei and Li, Houqiang and Wen, Fang and Chen, Dong},
  booktitle={Proceedings of the IEEE/CVF Conference on Computer Vision and Pattern Recognition},
  pages={2476--2486},
  year={2022}
}
%% 引言CLIP
@inproceedings{radford2021learning,
  title={Learning transferable visual models from natural language supervision},
  author={Radford, Alec and Kim, Jong Wook and Hallacy, Chris and Ramesh, Aditya and Goh, Gabriel and Agarwal, Sandhini and Sastry, Girish and Askell, Amanda and Mishkin, Pamela and Clark, Jack and others},
  booktitle={Proceedings of the Conference on International Conference on Machine Learning},
  pages={8748--8763},
  year={2021}
}
@inproceedings{wei2022hairclip,
  title={Hairclip: Design your hair by text and reference image},
  author={Wei, Tianyi and Chen, Dongdong and Zhou, Wenbo and Liao, Jing and Tan, Zhentao and Yuan, Lu and Zhang, Weiming and Yu, Nenghai},
  booktitle={Proceedings of the IEEE/CVF Conference on Computer Vision and Pattern Recognition},
  pages={18072--18081},
  year={2022}
}
@inproceedings{Wang2022vqa,
  title= {Learning to Prompt for Continual Learning},
  author= {Wang, Zifeng and Zhang, Zizhao and Lee, Chen{-}Yu and Zhang, Han and Sun, Ruoxi and Ruoxi, Xiaoqi and Su, Guolong and Perot, Vincent and Dy, Jennifer and Pfister, Tomas},
  booktitle    = {{IEEE/CVF} Conference on Computer Vision and Pattern Recognition},
  pages        = {139--149},
  year         = {2022}
}
@inproceedings{li2022clip,
  title={CLIP-ReID: Exploiting Vision-Language Model for Image Re-Identification without Concrete Text Labels},
  author={Li, Siyuan and Sun, Li and Li, Qingli},
  booktitle={Proceedings of the AAAI Conference on Artificial Intelligence},
  organization={AAAI},
  year={2023}
}
@inproceedings{he2021transreid,
  title={Transreid: Transformer-based object re-identification},
  author={He, Shuting and Luo, Hao and Wang, Pichao and Wang, Fan and Li, Hao and Jiang, Wei},
  booktitle={Proceedings of the IEEE/CVF International Conference on Computer Vision},
  pages={15013--15022},
  year={2021}
}
@inproceedings{zhu2022dual,
  title={Dual cross-attention learning for fine-grained visual categorization and object re-identification},
  author={Zhu, Haowei and Ke, Wenjing and Li, Dong and Liu, Ji and Tian, Lu and Shan, Yi},
  booktitle={Proceedings of the IEEE/CVF Conference on Computer Vision and Pattern Recognition},
  pages={4692--4702},
  year={2022}
}
@inproceedings{sun2018beyond,
  title={Beyond part models: Person retrieval with refined part pooling (and a strong convolutional baseline)},
  author={Sun, Yifan and Zheng, Liang and Yang, Yi and Tian, Qi and Wang, Shengjin},
  booktitle={Proceedings of the European Conference on Computer Vision},
  pages={480--496},
  year={2018}
}
@inproceedings{jin2020semantics,
  title={Semantics-aligned representation learning for person re-identification},
  author={Jin, Xin and Lan, Cuiling and Zeng, Wenjun and Wei, Guoqiang and Chen, Zhibo},
  booktitle={Proceedings of the AAAI Conference on Artificial Intelligence},
  number={07},
  pages={11173--11180},
  year={2020},
  organization={AAAI}
}
@inProceedings{yu2019mcan,
  author = {Yu, Zhou and Yu, Jun and Cui, Yuhao and Tao, Dacheng and Tian, Qi},
  title = {Deep Modular Co-Attention Networks for Visual Question Answering},
  booktitle = {Proceedings of the IEEE Conference on Computer Vision and Pattern Recognition},
  pages = {6281--6290},
  year = {2019}
}
@inproceedings{li2021diverse,
  title={Diverse part discovery: Occluded person re-identification with part-aware transformer},
  author={Li, Yulin and He, Jianfeng and Zhang, Tianzhu and Liu, Xiang and Zhang, Yongdong and Wu, Feng},
  booktitle={Proceedings of the IEEE/CVF Conference on Computer Vision and Pattern Recognition},
  pages={2898--2907},
  year={2021}
}
@inproceedings{zhou2019omni,
  title={Omni-scale feature learning for person re-identification},
  author={Zhou, Kaiyang and Yang, Yongxin and Cavallaro, Andrea and Xiang, Tao},
  booktitle={Proceedings of the IEEE/CVF International Conference on Computer Vision},
  pages={3702--3712},
  year={2019}
}
@inproceedings{wang2018learning,
  title={Learning discriminative features with multiple granularities for person re-identification},
  author={Wang, Guanshuo and Yuan, Yufeng and Chen, Xiong and Li, Jiwei and Zhou, Xi},
  booktitle={Proceedings of the ACM international conference on Multimedia},
  pages={274--282},
  year={2018}
}
@inproceedings{kingma2015adam,
  title={Adam: A method for stochastic optimization},
  author={Kingma, Diederik P and Ba, Jimmy},
  booktitle={In Proceedings of the International Conference on Learning Representations},
  year={2015}
}
@inproceedings{wang2021beyond,
  title={Beyond intra-modality: a survey of heterogeneous person re-identification},
  author={Wang, Zheng and Wang, Zhixiang and Zheng, Yinqiang and Wu, Yang and Zeng, Wenjun and Satoh, Shin'ichi},
  booktitle={Proceedings of the International Conference on International Joint Conferences on Artificial Intelligence},
  organization={AAAI},
  pages={4973--4980},
  year={2021}
}
@inproceedings{chen2021ice,
  title={Ice: Inter-instance contrastive encoding for unsupervised person re-identification},
  author={Chen, Hao and Lagadec, Benoit and Bremond, Francois},
  booktitle={Proceedings of the IEEE/CVF International Conference on Computer Vision},
  pages={14960--14969},
  year={2021}
}
@inproceedings{cheng2022more,
  title={More is better: Multi-source Dynamic Parsing Attention for Occluded Person Re-identification},
  author={Cheng, Xinhua and Jia, Mengxi and Wang, Qian and Zhang, Jian},
  booktitle={Proceedings of the ACM International Conference on Multimedia},
  pages={6840--6849},
  year={2022}
}
@inproceedings{sennrich2016neural,
  title={Neural Machine Translation of Rare Words with Subword Units},
  author={Sennrich, Rico and Haddow, Barry and Birch, Alexandra},
  booktitle={54th Annual Meeting of the Association for Computational Linguistics},
  pages={1715--1725},
  year={2016},
  organization={Association for Computational Linguistics}
}
@inproceedings{jeong2021asmr,
  title={Asmr: Learning attribute-based person search with adaptive semantic margin regularizer},
  author={Jeong, Boseung and Park, Jicheol and Kwak, Suha},
  booktitle={Proceedings of the IEEE/CVF International Conference on Computer Vision},
  pages={12016--12025},
  year={2021}
}
%% AANet
@inproceedings{tay2019aanet,
  title={Aanet: Attribute attention network for person re-identifications},
  author={Tay, Chiat-Pin and Roy, Sharmili and Yap, Kim-Hui},
  booktitle={Proceedings of the IEEE/CVF conference on computer vision and pattern recognition},
  pages={7134--7143},
  year={2019}
}
%% AMD
@inproceedings{chen2021explainable,
  title={Explainable person re-identification with attribute-guided metric distillation},
  author={Chen, Xiaodong and Liu, Xinchen and Liu, Wu and Zhang, Xiao-Ping and Zhang, Yongdong and Mei, Tao},
  booktitle={Proceedings of the IEEE/CVF International Conference on Computer Vision},
  pages={11813--11822},
  year={2021}
}
%% UCAD
@inproceedings{yanweakening,
  title={Weakening the Influence of Clothing: Universal Clothing Attribute Disentanglement for Person Re-Identification},
  author={Yan, Yuming and Yu, Huimin and Li, Shuzhao and Lu, Zhaohui and He, Jianfeng and Zhang, Haozhuo and Wang, Runfa},
  booktitle = {Proceedings of the Thirty-First International Joint Conference on Artificial Intelligence, {IJCAI} 2022, Vienna, Austria, 23-29 July 2022},
  pages={1523--1529},
  year={2022},
  url={https://doi.org/10.24963/ijcai.2022/212}
}
%% UPAR
@inproceedings{specker2023upar,
  title={UPAR: Unified Pedestrian Attribute Recognition and Person Retrieval},
  author={Specker, Andreas and Cormier, Mickael and Beyerer, J{\"u}rgen},
  booktitle={Proceedings of the IEEE/CVF Winter Conference on Applications of Computer Vision},
  pages={981--990},
  year={2023}
}
@inproceedings{song2022v2p,
  title={V2P: Vision-to-prompt based multi-modal product summary generation},
  author={Song, Xuemeng and Jing, Liqiang and Lin, Dengtian and Zhao, Zhongzhou and Chen, Haiqing and Nie, Liqiang},
  booktitle={Proceedings of the 45th International ACM SIGIR Conference on Research and Development in Information Retrieval},
  pages={992--1001},
  year={2022}
}
@inproceedings{selvaraju2017grad,
  title={Grad-cam: Visual explanations from deep networks via gradient-based localization},
  author={Selvaraju, Ramprasaath R and Cogswell, Michael and Das, Abhishek and Vedantam, Ramakrishna and Parikh, Devi and Batra, Dhruv},
  booktitle={Proceedings of the IEEE international conference on computer vision},
  pages={618--626},
  year={2017}
}
@inproceedings{luddecke2022image,
  title={Image segmentation using text and image prompts. In 2022 IEEE},
  author={L{\"u}ddecke, Timo and Ecker, Alexander},
  booktitle={CVF Conference on Computer Vision and Pattern Recognition},
  pages={7076--7086},
  year={2022}
}
@article{hermans2017defense,
  title={In defense of the triplet loss for person re-identification},
  author={Hermans, Alexander and Beyer, Lucas and Leibe, Bastian},
  journal={arXiv preprint arXiv:1703.07737},
  year={2017}
}
@inproceedings{zheng2017person,
  title={Person re-identification in the wild},
  author={Zheng, Liang and Zhang, Hengheng and Sun, Shaoyan and Chandraker, Manmohan and Yang, Yi and Tian, Qi},
  booktitle={Proceedings of the IEEE conference on computer vision and pattern recognition},
  pages={1367--1376},
  year={2017}
}
@inproceedings{luo2019bag,
  title={Bag of tricks and a strong baseline for deep person re-identification},
  author={Luo, Hao and Gu, Youzhi and Liao, Xingyu and Lai, Shenqi and Jiang, Wei},
  booktitle={Proceedings of the IEEE/CVF conference on computer vision and pattern recognition workshops},
  pages={0--0},
  year={2019}
}
@inproceedings{jin2020uncertainty,
  title={Uncertainty-aware multi-shot knowledge distillation for image-based object re-identification},
  author={Jin, Xin and Lan, Cuiling and Zeng, Wenjun and Chen, Zhibo},
  booktitle={Proceedings of the AAAI Conference on Artificial Intelligence},
  volume={34},
  number={07},
  pages={11165--11172},
  year={2020}
}
@article{jin2023domain,
  title={Domain Prompt Tuning Via Meta Relabeling for Unsupervised Adversarial Adaptation},
  author={Jin, Xin and Lan, Cuiling and Zeng, Wenjun and Chen, Zhibo},
  journal={IEEE Transactions on Multimedia},
  year={2023}
}
@inproceedings{zhai2022trireid,
  title={Trireid: Towards multi-modal person re-identification via descriptive fusion model},
  author={Zhai, Yajing and Zeng, Yawen and Cao, Da and Lu, Shaofei},
  booktitle={Proceedings of the International Conference on Multimedia Retrieval},
  pages={63--71},
  year={2022}
}
@inproceedings{li2023blip2,
      title={{BLIP-2:} Bootstrapping Language-Image Pre-training with Frozen Image Encoders and Large Language Models}, 
      author={Junnan Li and Dongxu Li and Silvio Savarese and Steven Hoi},
      year={2023},
      booktitle={Proceedings of the International Conference on Machine Learning},
}
@article{yu2022multi,
  title={Multi-attribute adaptive aggregation transformer for vehicle re-identification},
  author={Yu, Zhi and Pei, Jiaming and Zhu, Mingpeng and Zhang, Jiwei and Li, Jinhai},
  journal={Information Processing \& Management},
  volume={59},
  number={2},
  pages={102868},
  year={2022},
  publisher={Elsevier}
}
@inproceedings{zhou2022conditional,
  title={Conditional prompt learning for vision-language models},
  author={Zhou, Kaiyang and Yang, Jingkang and Loy, Chen Change and Liu, Ziwei},
  booktitle={Proceedings of the IEEE/CVF Conference on Computer Vision and Pattern Recognition},
  pages={16816--16825},
  year={2022}
}
@inproceedings{liu2022dpt,
    author={Liu, Yuhang and Wei, Wei and Peng, Daowan and Zhu, Feida},
    title={Declaration-based Prompt Tuning for Visual Question Answering},
    booktitle={Proceedings of the Thirty-first International Joint Conference on Artificial Intelligence},
    year={2022}
}
@article{zhang2023one,
  title={One small step for generative ai, one giant leap for agi: A complete survey on chatgpt in aigc era},
  author={Zhang, Chaoning and Zhang, Chenshuang and Li, Chenghao and Qiao, Yu and Zheng, Sheng and Dam, Sumit Kumar and Zhang, Mengchun and Kim, Jung Uk and Kim, Seong Tae and Choi, Jinwoo and others},
  journal={arXiv preprint arXiv:2304.06488},
  year={2023}
}
@article{wang2022pedestrian,
  title={Pedestrian attribute recognition: A survey},
  author={Wang, Xiao and Zheng, Shaofei and Yang, Rui and Zheng, Aihua and Chen, Zhe and Tang, Jin and Luo, Bin},
  journal={Pattern Recognition},
  volume={121},
  pages={108220},
  year={2022},
  publisher={Elsevier}
}
@inproceedings{zhu2023learning,
  title={Learning CLIP Guided Visual-Text Fusion Transformer for Video-based Pedestrian Attribute Recognition},
  author={Zhu, Jun and Jin, Jiandong and Yang, Zihan and Wu, Xiaohao and Wang, Xiao},
  booktitle={Proceedings of the IEEE/CVF Conference on Computer Vision and Pattern Recognition},
  pages={2625--2628},
  year={2023}
}
@article{dosovitskiy2020vit,
  title={An Image is Worth 16x16 Words: Transformers for Image Recognition at Scale},
  author={Dosovitskiy, Alexey and Beyer, Lucas and Kolesnikov, Alexander and Weissenborn, Dirk and Zhai, Xiaohua and Unterthiner, Thomas and  Dehghani, Mostafa and Minderer, Matthias and Heigold, Georg and Gelly, Sylvain and Uszkoreit, Jakob and Houlsby, Neil},
  journal={ICLR},
  year={2021}
}
@article{chen2022video,
  title={Video-guided machine translation via dual-level back-translation},
  author={Chen, Shiyu and Zeng, Yawen and Cao, Da and Lu, Shaofei},
  journal={Knowledge-Based Systems},
  volume={245},
  pages={108598},
  year={2022},
  publisher={Elsevier}
}
@inproceedings{he2021dense,
  title={Dense interaction learning for video-based person re-identification},
  author={He, Tianyu and Jin, Xin and Shen, Xu and Huang, Jianqiang and Chen, Zhibo and Hua, Xian-Sheng},
  booktitle={Proceedings of the IEEE/CVF International Conference on Computer Vision},
  pages={1490--1501},
  year={2021}
}
@inproceedings{jia2021spatial,
  title={Spatial and semantic consistency regularizations for pedestrian attribute recognition},
  author={Jia, Jian and Chen, Xiaotang and Huang, Kaiqi},
  booktitle={Proceedings of the IEEE/CVF international conference on computer vision},
  pages={962--971},
  year={2021}
}
@inproceedings{farooq2022axm,
  title={AXM-Net: Implicit cross-modal feature alignment for person re-identification},
  author={Farooq, Ammarah and Awais, Muhammad and Kittler, Josef and Khalid, Syed Safwan},
  booktitle={Proceedings of the AAAI Conference on Artificial Intelligence},
  volume={36},
  number={4},
  pages={4477--4485},
  year={2022}
}