@inproceedings{ma2019lifelong,
	author = {H. Ma and W. H\"{o}nig and T. K. S. Kumar and N. Ayanian and S. Koenig},
	title = {Lifelong Path Planning with Kinematic Constraints for Multi-Agent Pickup and Delivery},
	booktitle = {AAAI},
	year = 2019
}

@article{tang2014fast,
  title={Fast and exact continuous collision detection with bernstein sign classification},
  author={Tang, M. and Tong, r. and Wang, Z. and Manocha, D.},
  journal={ACM Transactions on Graphics (TOG)},
  year={2014}
}
%   volume={33},
%   number={6},
%   pages={186},


@article{jimenez20013d,
  title={3D collision detection: a survey},
  author={Jim{\'e}nez, P. and Thomas, F. and Torras, C.},
  journal={Computers \& Graphics},
  volume={25},
  number={2},
  pages={269--285},
  year={2001}
}

@inproceedings{LiuAAMAS19,
	author = {M. Liu and H. Ma and J. Li and S. Koenig},
	title = {Task and Path Planning for Multi-Agent Pickup and Delivery},
	booktitle = {AAMAS},
	year = 2019
}

@inproceedings{sturtevant2006improving,
  title={Improving Collaborative Pathfinding Using Map Abstraction},
  author={Sturtevant, Nathan R and Buro, Michael},
  booktitle={AIIDE},
  pages={80--85},
  year={2006}
}

@inproceedings{walker2017using,
  title={Using hierarchical constraints to avoid conflicts in multi-agent pathfinding},
  author={Walker, T. T. and Chan, D. and Sturtevant, N. R.},
  booktitle={International Conference on Automated Planning and Scheduling (ICAPS)},
  year={2017}
}

@inproceedings{li2019multi,
  title={Multi-Agent Path Finding for Large Agents},
  booktitle={AAAI},
  author={Li, J. and Surynek, P. and Felner, A. and Ma, H.},
  year={2019}
}

@article{wurman2008coordinating,
  title={Coordinating hundreds of cooperative, autonomous vehicles in warehouses},
  author={Wurman, P. R. and D'Andrea, R. and Mountz, M.},
  journal={AI magazine},
  year={2008}
}

%   volume={29},
%   number={1},
%   pages={9},

@inproceedings{veloso2015cobots,
  title={CoBots: Robust Symbiotic Autonomous Mobile Service Robots.},
  author={Veloso, M. and Biswas, J. and Coltin, B. and Rosenthal, S.},
  booktitle={IJCAI},
  pages={4423},
  year={2015}
}

@inproceedings{ma2017feasibility,
  author    = {H. Ma and
               J. Yang and
               L. Cohen and
               T. K. S. Kumar and
               S. Koenig},
  title     = {Feasibility Study: Moving Non-Homogeneous Teams in Congested Video
               Game Environments},
  booktitle = {AIIDE},
  year      = {2017}
}
%pages     = {270--272},
  

  %booktitle={AAAI Workshop: Planning for Hybrid Systems},


@inproceedings{atzmon2018robust, 
  author    = {D. Atzmon and
               R. Stern and
               A. Felner and
               G. Wagner and
               R. Bart{\'{a}}k and
               N.{-}F. Zhou},
  title     = {Robust Multi-Agent Path Finding},
  booktitle = {Symposium on Combinatorial Search ({SOCS})},
  year      = {2018}
}
 % pages     = {2--9},



@inproceedings{phillips2011sipp,
  title={Sipp: Safe interval path planning for dynamic environments},
  author={Phillips, M. and Likhachev, M.},
  booktitle={IEEE International Conference on Robotics and Automation (ICRA)},
  year={2011},
}
%  pages={5628--5635},
  %volume    = {195},
  %pages     = {470-495}

@inproceedings{kornhauser1984coordinating,
  title={Coordinating Pebble Motion On Graphs, The Diameter Of Permutation Groups, And Applications},
  author={D. Kornhauser and G. Miller and P. Spirakis},
  booktitle={Symposium on Foundations of Computer Science},
  year={1984}
}
%  pages={241--250},


@inproceedings{surynek2010optimization,
  title={An Optimization Variant of Multi-Robot Path Planning Is Intractable.},
  author={Surynek, P.},
  booktitle={AAAI},
  year={2010}
}
%  pages={1--3},

@inproceedings{yu2013multi,
  author    = {Jingjin Yu and
               Steven M. LaValle},
  title     = {Multi-agent Path Planning and Network Flow},
  booktitle = {Workshop on the Algorithmic Foundations of Robotics ({WAFR})},
  pages     = {157--173},
  year      = {2012}
}

@inproceedings{yu2013structure,
  author    = {J. Yu and
               S. M. LaValle},
  title     = {Structure and Intractability of Optimal Multi-Robot Path
               Planning on Graphs},
  booktitle = {AAAI},
  year      = {2013},
}


@inproceedings{ICTAIpicat,
  title={Modeling and Solving the Multi-agent Pathfinding Problem in Picat},
  author={Bart{\'a}k, R. and Zhou, N.-F. and Stern, R. and Boyarski, E. and Surynek, P.},
  booktitle={International Conference on Tools with Artificial Intelligence (ICTAI)},
  year	= {2017}
}
%  pages = {959--966},

@inproceedings{felner2018adding,
  title={Adding Heuristics to Conflict-Based Search for Multi-Agent Path Finding},
  booktitle={ICAPS},
  author={Felner, A. and Li, J. and Boyarski, E. and Ma, H. and Cohen, L. and Kumar, TK S. and Koenig, S.},
  year={2018}
}

@inproceedings{standley2010finding,
  title={Finding Optimal Solutions to Cooperative Pathfinding Problems.},
  author={Standley, T. s.},
  booktitle={AAAI},
  year={2010}
}

%  volume={1},
 % pages={28--29},

@article{sharon2013increasing,
  title={The increasing cost tree search for optimal multi-agent pathfinding},
  author={Sharon, G. and Stern, R. and Goldenberg, M. and Felner, A.},
  journal={Artificial Intelligence},
  year={2013}
}
%  volume={195},
%  pages={470--495},

@article{wagner2015subdimensional,
  title={Subdimensional expansion for multirobot path planning},
  author={Wagner, G. and Choset, H.},
  journal={Artificial Intelligence},
  volume={219},
  pages={1--24},
  year={2015}
}

@inproceedings{van2005prioritized,
  title={Prioritized motion planning for multiple robots},
  author={Van Den Berg, J. P. and Overmars, M. H.},
  booktitle={International Conference on Intelligent Robots and Systems (IROS)},
  pages={430--435},
  year={2005}
}

@article{solovey2014k,
  title={k-Color multi-robot motion planning},
  author={Solovey, Kiril and Halperin, Dan},
  journal={The International Journal of Robotics Research},
  volume={33},
  number={1},
  pages={82--97},
  year={2014}
}


@inproceedings{godoy2015adaptive,
  title={Adaptive learning for multi-agent navigation},
  author={Godoy, J. E. and Karamouzas, I. and Guy, S. J. and Gini, M.},
  booktitle={the International Conference on Autonomous Agents and Multiagent Systems ({AAMAS})},
  pages={1577--1585},
  year={2015}
}

@inproceedings{dobson2017scalable,
  title={Scalable asymptotically-optimal multi-robot motion planning},
  author={Dobson, A. and Solovey, K. and Shome, R. and Halperin, D. and Bekris, K. E.},
  booktitle={International Symposium on Multi-Robot and Multi-Agent Systems (MRS)},
  year={2017}
}
%  pages={120--127},


@inproceedings{honig2016multi,
  title={Multi-Agent Path Finding with Kinematic Constraints},
  author={H{\"o}nig, Wolfgang and Kumar, TK Satish and Cohen, Liron and Ma, Hang and Xu, Hong and Ayanian, Nora and Koenig, Sven},
  booktitle={ICAPS},
  year={2016}
}
%  pages={477--485},

@inproceedings{honig2017summary,
  title={Summary: multi-agent path finding with kinematic constraints},
  author={H{\"o}nig, W. and Kumar, TK S. and Cohen, L. and Ma, H. and Xu, H. and Ayanian, N. and Koenig, S.},
  booktitle={IJCAI},
  pages={4869--4873},
  year={2017}
}

@inproceedings{boyrasky2015don,
  title={Don't Split, Try To Work It Out: Bypassing Conflicts in Multi-Agent Pathfinding.},
  author={Boyrasky, Eli and Felner, Ariel and Sharon, Guni and Stern, Roni},
  booktitle={ICAPS},
  pages={47--51},
  year={2015}
}

@inproceedings{boyarski2015icbs,
  title={{ICBS}: The improved conflict-based search algorithm for multi-agent pathfinding},
  author={Boyarski, E. and Felner, A. and Stern, R. and Sharon, G. and Betzalel, O. and Tolpin, D. and Shimony, E.},
  booktitle={Symposium on Combinatorial Search ({SoCS})},
  year={2015}
}

@inproceedings{andreychuk2018twoTechniques,
  author    = {Anton Andreychuk and
               Konstantin Yakovlev},
  title     = {Two Techniques That Enhance the Performance of Multi-robot Prioritized
               Path Planning},
  booktitle = {International Conference on Autonomous Agents and MultiAgent Systems ({AAMAS})},
  pages     = {2177--2179},
  year      = {2018}
}

@inproceedings{yakovlev2017anyAngle,
  author    = {K. Yakovlev and
               A. Andreychuk},
  title     = {Any-Angle Pathfinding for Multiple Agents Based on {SIPP} Algorithm},
  booktitle = {International Conference on Automated Planning and Scheduling ({ICAPS})},
  year      = {2017}
}
  %pages     = {586},


@inproceedings{walker2018extended,
  title={Extended Increasing Cost Tree Search for Non-Unit Cost Domains.},
  author={Walker, T. T. and Sturtevant, N. R. and Felner, A.},
  booktitle={IJCAI},
  pages={534--540},
  year={2018}
}
@article{sharon2015conflict,
  title={Conflict-based search for optimal multi-agent pathfinding},
  author={Sharon, G. and Stern, R. and Felner, A. and Sturtevant, N. R.},
  journal={Artificial Intelligence},
  year={2015}
}
%   volume={219},
%   pages={40--66},


@article{sturtevant2012benchmarks,
  title={Benchmarks for grid-based pathfinding},
  author={Sturtevant, N. R.},
  journal={IEEE Transactions on Computational Intelligence and AI in Games},
  volume={4},
  number={2},
  pages={144--148},
  year={2012}
}


@inproceedings{rivera2017grid,
  title={Grid Pathfinding on the 2k Neighborhoods.},
  author={Rivera, N. and Hern{\'a}ndez, C. and Baier, J. A.},
  booktitle={AAAI},
  pages={891--897},
  year={2017}
}

@inproceedings{ma2017multiAgent,
    title={Multi-Agent Path Finding with Delay Probabilities},
    author={H. Ma and S. Kumar and S. Koenig},
    booktitle={AAAI},
    year={2017}
}


@article{nebel2000compilability,
    title={On the compilability and expressive power of propositional planning formalisms},
    author={Nebel, Bernhard},
    journal={Journal of Artificial Intelligence Research},
    volume={12},
    pages={271--315},
    year={2000}
}

@inproceedings{muise2012improved,
    title={Improved Non-Deterministic Planning by Exploiting State Relevance.},
    author={Muise, Christian J and McIlraith, Sheila A and Beck, J Christopher},
    booktitle={ICAPS},
    year={2012}
}

@inproceedings{daniele1999strong,
    title={Strong cyclic planning revisited},
    author={Daniele, Marco and Traverso, Paolo and Vardi, Moshe Y},
    booktitle={European Conference on Planning},
    pages={35--48},
    year={1999},
    organization={Springer}
}


@inproceedings{kissmann2009solving,
  title={Solving fully-observable non-deterministic planning problems via translation into a general game},
  author={Kissmann, Peter and Edelkamp, Stefan},
  booktitle={Annual Conference on Artificial Intelligence},
  pages={1--8},
  year={2009},
  organization={Springer}
}

@article{cimatti2003weak,
  title={Weak, strong, and strong cyclic planning via symbolic model checking},
  author={Cimatti, Alessandro and Pistore, Marco and Roveri, Marco and Traverso, Paolo},
  journal={Artificial Intelligence},
  volume={147},
  number={1},
  pages={35--84},
  year={2003},
  publisher={Elsevier}
}

@article{hoffmann2006conformant,
  title={Conformant planning via heuristic forward search: A new approach},
  author={Hoffmann, J{\"o}rg and Brafman, Ronen I},
  journal={Artificial Intelligence},
  volume={170},
  number={6},
  pages={507--541},
  year={2006},
  publisher={Elsevier}
}


@article{cavalcanti2007nanorobot,
    title={Nanorobot architecture for medical target identification},
    author={Cavalcanti, Adriano and Shirinzadeh, Bijan and Freitas Jr, Robert A and Hogg, Tad},
    journal={Nanotechnology},
    volume={19},
    number={1},
    pages={015103},
    year={2007}
}

@article{palacios2009compiling,
  title={Compiling uncertainty away in conformant planning problems with bounded width},
  author={Palacios, Hector and Geffner, Hector},
  journal={Journal of Artificial Intelligence Research},
  volume={35},
  pages={623--675},
  year={2009}
}

@article{jimenez2012review,
  title={A review of machine learning for automated planning},
  author={Jim{\'e}nez, Sergio and De La Rosa, Tom{\'a}s and Fern{\'a}ndez, Susana and Fern{\'a}ndez, Fernando and Borrajo, Daniel},
  journal={The Knowledge Engineering Review},
  volume={27},
  number={4},
  pages={433--467},
  year={2012}
}

@inproceedings{walsh2008efficientLearning,
 author = {Walsh, Thomas J. and Littman, Michael L.},
 title = {Efficient Learning of Action Schemas and Web-service Descriptions},
 booktitle = {AAAI},
 year = {2008},
 pages = {714--719}
}

@article{jimenez2013integrating,
  title={Integrating planning, execution, and learning to improve plan execution},
  author={Jim{\'e}nez, Sergio and Fern{\'a}ndez, Fernando and Borrajo, Daniel},
  journal={Computational Intelligence},
  volume={29},
  number={1},
  pages={1--36},
  year={2013},
  publisher={Wiley Online Library}
}

@inproceedings{levine2006explanation,
  title={Explanation-Based Acquisition of Planning Operators.},
  author={Levine, Geoffrey and DeJong, Gerald},
  booktitle={ICAPS},
  pages={152--161},
  year={2006}
}

@inproceedings{wang1994learning,
  author    = {Xuemei Wang},
  title     = {Learning Planning Operators by Observation and Practice},
  booktitle = {the International Conference on Artificial Intelligence Planning Systems (AIPS)},
  pages     = {335--340},
  year      = {1994}
}

@article{veloso1995integrating,
  title={Integrating planning and learning: The PRODIGY architecture},
  author={Veloso, Manuela and Carbonell, Jaime and Perez, Alicia and Borrajo, Daniel and Fink, Eugene and Blythe, Jim},
  journal={Journal of Experimental \& Theoretical Artificial Intelligence},
  volume={7},
  number={1},
  pages={81--120},
  year={1995}
}

@inproceedings{wang1995learning,
  title={Learning by observation and practice: An incremental approach for planning operator acquisition},
  author={Wang, Xuemei},
  booktitle={ICML},
  pages={549--557},
  year={1995}
}

@inproceedings{konidaris2014constructing,
  title={Constructing symbolic representations for high-level planning},
  author={Konidaris, George and Kaelbling, Leslie Pack and Lozano-Perez, Tomas},
  year={2014},
  booktitle={AAAI}
}

@inproceedings{mourao2012learning,
  title={Learning STRIPS operators from noisy and incomplete observations},
  author={Mour{\~{a}}o, Kira and Zettlemoyer, Luke S and Petrick, Ronald and Steedman, Mark},
  booktitle={UAI},
  pages={614--623},
  year={2012}
}


@TECHREPORT{mcdermott1998pddl,
  AUTHOR =        {McDermott, Drew and Ghallab, Malik and Howe, Adele and Knoblock, Craig and Ram, Ashwin and Veloso, Manuela and Weld, Daniel and Wilkins, David},
  TITLE =         {{PDDL}-the planning domain definition language},
  YEAR  =         {1998},
  institution = {AIPS '98 - The Planning Competition Committee}
}


@article{fikes1971strips,
  title={{STRIPS}: A new approach to the application of theorem proving to problem solving},
  author={Fikes, Richard E and Nilsson, Nils J},
  journal={Artificial intelligence},
  volume={2},
  number={3-4},
  pages={189--208},
  year={1971},
  publisher={Elsevier}
}

@inproceedings{GILON2016,
  author    = {D. Gilon and
               A. Felner and
               R. Stern},
  title     = {Dynamic Potential Search - {A} New Bounded Suboptimal Search},
  booktitle = {Symposium on Combinatorial Search ({SOCS})},
  pages     = {36--44},
  year      = {2016}
}



@inproceedings{BurnsHLR12,
  author    = {Ethan Andrew Burns and
               Matthew Hatem and
               Michael J. Leighton and
               Wheeler Ruml},
  title     = {Implementing Fast Heuristic Search Code},
  booktitle = {SoCS},
  year      = {2012}
}



@inproceedings{MMAAAI16,
  author    = {Robert  C. Holte and  Ariel Felner and  Guni Sharon and   Nathan R. Sturtevant},
  title     = {Bidirectional Search That Is Guaranteed to Meet in the Middle},
  booktitle = {AAAI},
  year      = {2016}
}

@article{lelis2016predicting,
  title={Predicting optimal solution costs with bidirectional stratified sampling in regular search spaces},
  author={Lelis, Levi HS and Stern, Roni and Arfaee, Shahab Jabbari and Zilles, Sandra and Felner, Ariel and Holte, Robert C},
  journal={Artificial Intelligence},
  volume={230},
  pages={51--73},
  year={2016},
  publisher={Elsevier}
}

@article{lelis2014predicting,
  title={Predicting optimal solution cost with conditional probabilities},
  author={Lelis, Levi HS and Stern, Roni and Felner, Ariel and Zilles, Sandra and Holte, Robert C},
  journal={Annals of Mathematics and Artificial Intelligence},
  volume={72},
  number={3-4},
  pages={267--295},
  year={2014},
  publisher={Springer}
}


@article{Lippi,
  title={Optimally solving permutation sorting problems with efficient partial expansion bidirectional heuristic search},
  author={M. Lippi and M. Ernandes and  Ariel Felner},
  journal={Artificial Intelligence Communication},
  year={2016},
  publisher={To appear}
}

@book{ghallab2004automated,
  title={Automated planning: theory \& practice},
  author={Ghallab, Malik and Nau, Dana and Traverso, Paolo},
  year={2004},
  publisher={Elsevier}
}


@inproceedings{helmert2010landmark,
  title={Landmark heuristics for the pancake problem},
  author={Helmert, Malte},
  booktitle={Third Annual Symposium on Combinatorial Search (SoCS)},
  year={2010}
}


@book{russell1995artificial,
  title={Artificial intelligence: a modern approach},
  author={Russell, Stuart and Norvig, Peter},
  publisher={Prentice Hall},
    year={1995}
}

@inproceedings{valenzano2013using,
  title={Using Alternative Suboptimality Bounds in Heuristic Search.},
  author={Valenzano, Richard Anthony and Arfaee, Shahab Jabbari and Thayer, Jordan Tyler and Stern, Roni and Sturtevant, Nathan R},
  booktitle={ICAPS},
  year={2013}
}


@article{EbendtD09,
  author    = {R{\"{u}}diger Ebendt and
               Rolf Drechsler},
  title     = {Weighted {A}* search - unifying view and application},
  journal   = {Artif. Intell.},
  volume    = {173},
  number    = {14},
  pages     = {1310--1342},
  year      = {2009}
}



@inproceedings{wilt2014speedy,
  title={Speedy versus greedy search},
  author={Wilt, Christopher Makoto and Ruml, Wheeler},
  booktitle={Seventh Annual Symposium on Combinatorial Search},
  year={2014}
}


@inproceedings{Ruml10,
  author    = {Wheeler Ruml},
  title     = {The Logic of Benchmarking: {A} Case Against State-of-the-Art Performance},
  booktitle = {Proceedings of the Third Annual Symposium on Combinatorial Search,
               {SOCS} 2010, Stone Mountain, Atlanta, Georgia, USA, July 8-10, 2010},
  year      = {2010},
}


@incollection{ai4games,
  author={Vadim Bulitko and Yngvi Bj{\"o}rnsson and Nathan R. Sturtevant and Ramon Lawrence},
  title={Real-Time Heuristic Search for Pathfinding in Video Games},
  booktitle={Applied Research in Artificial Intelligence for Computer Games},
  publisher={Springer},
  year={2011},
}

@article{JAIRPDB,
   author="A. Felner and R. E. Korf and S. Hanan",
       title="Additive pattern database heuristics",
       journal="JAIR",
       volume= 22,
       pages="279--318",
       year = 2004
   }


@inproceedings{richter2010joy,
  title={The Joy of Forgetting: Faster Anytime Search via Restarting},
  author={Richter, Silvia and Thayer, Jordan Tyler and Ruml, Wheeler},
  booktitle={ICAPS},
  pages={137--144},
  year={2010}
}


@inproceedings{incon2007,
  author    = {U. Zahavi and
               A. Felner and
               J. Schaeffer and
               N. Sturtevant},
  title     = {Inconsistent Heuristics},
  booktitle = {AAAI},
  pages     = {1211--1216},
  year      = {2007}
}



@TECHREPORT{SUPP,
  AUTHOR =        {Anonymous},
  TITLE =         {Technical Report: Different trends for {WA*}},
  year      = {2014},
  note  =        {Available at \url{https://drive.google.com/file/d/0B0Q22P-_lFBWZ04tcGJPYTFMSmM/view?usp=sharing}},
}



@inproceedings{ValenzanoSS14,
  author    = {Richard Anthony Valenzano and
               Nathan R. Sturtevant and
               Jonathan Schaeffer},
  title     = {Worst-Case Solution Quality Analysis When Not Re-Expanding Nodes in
               Best-First Search},
  booktitle = {AAAI},
  pages     = {885--892},
  year      = {2014}
}

@article{hartNR68Astar,
  author    = {Peter E. Hart and
               Nils J. Nilsson and
               Bertram Raphael},
  title     = {A Formal Basis for the Heuristic Determination of Minimum
               Cost Paths},
  journal   = {IEEE Transactions on Systems Science and Cybernetics},
  volume = {SSC-4(2)},
  year      = {1968},
  pages     = {100--107},
}
@article{Pohl70HeuristicSearchPathFinding,
  author    = {Ira Pohl},
  title     = {Heuristic Search Viewed as Path Finding in a Graph},
  journal   = {Artificial Intelligence},
  volume = 1,
  number = {3-4},
  year      = {1970},
}

  %pages = {193--204},

@inproceedings{Korf1992LinearSpaceBestFirstSearch,
    author    = {Richard E. Korf},
    title     = {Linear-Space Best-First Search: Summary of Results},
    booktitle = {Proceedings of the tenth national conference on Artificial intelligence},
    series = {AAAI},
    year      = {1992},
    pages = {533--538},
}


@inproceedings{ThayerR08FasterThanWAstar,
  author    = {Jordan Tyler Thayer and
               Wheeler Ruml},
  title     = {Faster than Weighted {A}*: An Optimistic Approach to Bounded
               Suboptimal Search},
  booktitle = {ICAPS},
  year      = {2008},
}
@article{ebendt09WAS,
 author = {Ebendt, R\"{u}diger and Drechsler, Rolf},
 title = {Weighted {A}* search -- unifying view and application},
 journal = {Artif. Intell.},
 publisher = {Elsevier Science Publishers Ltd.},
 address = {Essex, UK},
 volume = {173},
 number = {14},
 pages = {1310--1342},
 year      = {2009},
}



@inproceedings{likhachevGT03AnytimeRepairingAstar,
  author = {Likhachev, Maxim and Gordon, Geoffrey J. and Thrun, Sebastian},
  title = {{ARA}*: Anytime {A}* with Provable Bounds on Sub-Optimality.},
  booktitle = {NIPS},
  year = 2004
}

@inproceedings{MalimaAsifMPA2007,
     author = {Malima, Asanterabi and Sabanovic, Asif},
     title = {Motion planning and assembly for microassembly workstation},
     booktitle = {ISCO},
     pages = {467--474},
     year = {2007},
}

@article{PearlKimSAH1982,
    author = {Pearl, Judea and Kim, Jin H.},
    journal = {IEEE Trans. Pattern Anal. Mach. Intell.},
    title = {Studies in Semi-Admissible Heuristics.},
    number = 4,
    pages = {392--399},
    volume = 4,
    year = 1982
}

@inproceedings{Pohl1973ACH,
    author = {Pohl, Ira},
    title = {The avoidance of (relative) catastrophe, heuristic competence, genuine dynamic weighting and computational issues in heuristic problem solving},
    booktitle = {IJCAI},
    year = {1973},
}
    %pages = {12--17},

@inproceedings{SturtevantFBSN2009,
 author = {Sturtevant, Nathan and
           Felner, Ariel and
           Barrer, Max and
           Schaeffer, Jonathan and
           Burch, Neil},
 title = {Memory-based Heuristics for Explicit State Spaces},
 booktitle = {IJCAI},
 year = {2009},
}

@article{FelnerZHSSZ11,
  author    = {Ariel Felner and
               Uzi Zahavi and
               Robert Holte and
               Jonathan Schaeffer and
               Nathan R. Sturtevant and
               Zhifu Zhang},
  title     = {Inconsistent heuristics in theory and practice},
  journal   = {Artif. Intell.},
  volume    = {175},
  number    = {9--10},
  year      = {2011},
  pages     = {1570-1603},
}

@inproceedings{DistanceEstimatesThayerRuml2009,
  author    = {Jordan Tyler Thayer and
               Wheeler Ruml},
  title     = {Using Distance Estimates in Heuristic Search},
  booktitle = {ICAPS},
  year      = {2009},
}


@inproceedings{AnytimeThayerRuml2010,
  author    = {Jordan Thayer and
               Wheeler Ruml},
  title     = {Anytime Heuristic Search: Frameworks and Algorithms},
  booktitle = {SOCS},
  year      = {2010},
}


@inproceedings{WiltR12,
  author    = {Christopher Makoto Wilt and
               Wheeler Ruml},
  title     = {When Does Weighted {A}* Fail?},
  booktitle = {SOCS},
  year      = {2012}
}

@inproceedings{PotentialSearch2011,
  author    = {Roni Stern and
               Rami Puzis and
               Ariel Felner},
  title     = {Potential search: a bounded-cost search algorithm},
  booktitle = {ICAPS},
  year      = {2011},
}

@inproceedings{ThayerR11BoundedSuboptimalSearch,
  author    = {Jordan Tyler Thayer and
               Wheeler Ruml},
  title     = {Bounded Suboptimal Search: {A} Direct Approach Using Inadmissible
               Estimates},
  booktitle = {IJCAI},
  year      = {2011},
}

@book{NauG04AutomatedPlanning,
 author = {Nau, Dana and Ghallab, Malik and Traverso, Paolo},
 title = {Automated Planning: Theory \& Practice},
 year = {2004},
 publisher = {Morgan Kaufmann Publishers Inc.},
}

@inproceedings{ThayerSFR12,
  author    = {Jordan Tyler Thayer and
               Roni Stern and
               Ariel Felner and
               Wheeler Ruml},
  title     = {Faster Bounded-Cost Search Using Inadmissible Estimates},
  booktitle = {ICAPS},
  year      = {2012},
}

@article{SternFBPSG14,
  author    = {Roni Stern and
               Ariel Felner and
               Jur van den Berg and
               Rami Puzis and
               Rajat Shah and
               Ken Goldberg},
  title     = {Potential-based bounded-cost search and Anytime Non-Parametric \astar{}},
  journal   = {Artificial Intelligence},
  volume    = {214},
  pages     = {1--25},
  year      = {2014},
}

@inproceedings{ZahaviFSS07,
  author    = {Uzi Zahavi and
               Ariel Felner and
               Jonathan Schaeffer and
               Nathan R. Sturtevant},
  title     = {Inconsistent Heuristics},
  booktitle = {AAAI},
  pages     = {1211--1216},
  year      = {2007},
}

@article{vapnik1971,
  author = {V. Vapnik and A. Chervonenkis},
  title = {On the uniform convergence of relative frequencies of events to their probabilities},
  journal = {Theory of Probability and its Applications},
  volume = {16},
  number = {2},
  pages = {264--280},
  year = {1971}
}

@article{valiant1984,
 author = {Leslie G. Valiant},
 title = {A theory of the learnable},
 journal = {Communications of the ACM},
 volume = {18},
 number = {11},
 pages = {1134--1142},
 year = {1984}
}

@article{kearns2002,
 author = {Michael Kearns and Yishay Mansour and Andrew Ng},
 title = {A sparse sampling algorithm for near-optimal planning in large {M}arkov decision processes},
 journal = {Mach. Learn.},
 volume = {49},
 number = {2},
 pages = {193--208},
 year = {2002}
}


@inproceedings{ICBS,
  title={Improved Conflict-Based Search For Optimal Multi-Agent Path Finding},
  author={E. Boyarski and A. Felner and R. Stern and Guni Sharon and E. Shimony and O. Bezalel and D. Tolpin},
  booktitle={IJCAI},
  year={2015}
}

@inproceedings{felner2017searchBased,
  author    = {Ariel Felner and
               Roni Stern and
               Solomon Eyal Shimony and
               Eli Boyarski and
               Meir Goldenberg and
               Guni Sharon and
               Nathan R. Sturtevant and
               Glenn Wagner and
               Pavel Surynek},
  title     = {Search-Based Optimal Solvers for the Multi-Agent Pathfinding Problem:
               Summary and Challenges},
  booktitle = {the International Symposium on Combinatorial
               Search (SoCS)},
  pages     = {29--37},
  year      = {2017}
}

@incollection{guy2015,
  title={Guide to Anticipatory Collision Avoidance},
  author={Guy, S. J. and Karamouzas, I.},
  editor={Rabin, Steven},
  booktitle={Game AI Pro 2: Collected Wisdom of Game AI Professionals},
  chapter={19},
  year={2015},
  publisher={AK Peters/CRC Press}
}
%  pages={195--208},

@article{snape2011hybrid,
  title={The hybrid reciprocal velocity obstacle},
  author={Snape, J. and Van Den Berg, J. and Guy, S. J. and Manocha, D.},
  journal={IEEE Transactions on Robotics},
  volume={27},
  number={4},
  pages={696--706},
  year={2011}
}

@article{godoy2018alan,
  title={ALAN: adaptive learning for multi-agent navigation},
  author={Godoy, Julio and Chen, Tiannan and Guy, Stephen J and Karamouzas, Ioannis and Gini, Maria},
  journal={Autonomous Robots},
  pages={1--20},
  year={2018}
}

@inproceedings{helmert2008good,
  title={How Good is Almost Perfect?.},
  author={Helmert, Malte and R{\"o}ger, Gabriele and others},
  booktitle={AAAI},
  volume={8},
  year={2008}
}
%  pages={944--949},


@inproceedings{van2011anytime,
  title={Anytime nonparametric \astar},
  author={Van Den Berg, Jur and Shah, Rajat and Huang, Arthur and Goldberg, Ken},
  booktitle={AAAI},
  year={2011}
}


@inproceedings{heusner2018best,
  title={Best-case and worst-case behavior of greedy best-first search},
  author={Heusner, Manuel and Keller, Thomas and Helmert, Malte},
  year={2018},
  booktitle={IJCAI}
}


@article{wilt2016effective,
  title={Effective heuristics for suboptimal best-first search},
  author={Wilt, Christopher and Ruml, Wheeler},
  journal={Journal of Artificial Intelligence Research},
  volume={57},
  pages={273--306},
  year={2016}
}


@article{doran1966experiments,
  title={Experiments with the graph traverser program},
  author={Doran, James E and Michie, Donald},
  journal={Proceedings of the Royal Society of London. Series A. Mathematical and Physical Sciences},
  volume={294},
  number={1437},
  pages={235--259},
  year={1966}
}

@inproceedings{zhou2005beam,
  title={Beam-Stack Search: Integrating Backtracking with Beam Search.},
  author={Zhou, Rong and Hansen, Eric A},
  booktitle={ICAPS},
  pages={90--98},
  year={2005}
}


@article{sabuncuoglu1999job,
  title={Job shop scheduling with beam search},
  author={Sabuncuoglu, Ihsan and Bayiz, M},
  journal={European Journal of Operational Research},
  volume={118},
  number={2},
  pages={390--412},
  year={1999}
}


@inproceedings{furcy2005limited,
  title={Limited discrepancy beam search},
  author={Furcy, David and Koenig, Sven},
  booktitle={IJCAI},
  pages={125--131},
  year={2005}
}


@inproceedings{cohen2018anytime,
  title={Anytime Focal Search with Applications.},
  author={Cohen, Liron and Greco, Matias and Ma, Hang and Hernandez, Carlos and Felner, Ariel and Kumar, TK Satish and Koenig, Sven},
  booktitle={IJCAI},
  pages={1434--1441},
  year={2018}
}





@inproceedings{hatem2014bounded,
  title={Bounded Suboptimal Search in Linear Space: New Results},
  author={Hatem, Matthew and Ruml, Wheeler},
  booktitle={Seventh Annual Symposium on Combinatorial Search},
  year={2014}
}

@inproceedings{hatem2013bounded,
  title={Bounded suboptimal heuristic search in linear space},
  author={Hatem, Matthew and Stern, Roni and Ruml, Wheeler},
  booktitle={Sixth Annual Symposium on Combinatorial Search},
  year={2013}
}


@inproceedings{holte2019onThe,
  title={On the Optimal Efficiency of Cost-Algebraic \astar},
  author={Robert C Holte and Sandra Zilles},
  booktitle={AAAI},
  year={2019}
}




@article{goldenberg2014enhanced,
  title={Enhanced partial expansion \astar},
  author={Goldenberg, Meir and Felner, Ariel and Stern, Roni and Sharon, Guni and Sturtevant, Nathan and Holte, Robert C and Schaeffer, Jonathan},
  journal={Journal of Artificial Intelligence Research},
  volume={50},
  pages={141--187},
  year={2014}
}


@article{dechter1985generalized,
  title={Generalized best-first search strategies and the optimality of \astar},
  author={Dechter, Rina and Pearl, Judea},
  journal={Journal of the ACM (JACM)},
  volume={32},
  number={3},
  pages={505--536},
  year={1985}
}

@article{zilberstein1996using,
  title={Using anytime algorithms in intelligent systems},
  author={Zilberstein, Shlomo},
  journal={AI magazine},
  volume={17},
  number={3},
  pages={73--73},
  year={1996}
}


@inproceedings{aine2007awa,
  title={{AWA*}-A Wind Constrained Anytime Heuristic Search Algorithm.},
  author={Aine, Sandip and Chakrabarti, PP and Kumar, Rajeev},
  booktitle={IJCAI},
  year={2007}
}
  %pages={2250--2255},


@article{hansen2007anytime,
  title={Anytime heuristic search},
  author={Hansen, Eric A and Zhou, Rong},
  journal={Journal of Artificial Intelligence Research},
  volume={28},
  pages={267--297},
  year={2007}
}



@article{stern2019probably,
  title={Probably bounded suboptimal heuristic search},
  author={Stern, Roni and Dreiman, Gal and Valenzano, Richard},
  journal={Artificial Intelligence},
  volume={267},
  pages={39--57},
  year={2019}
}


@inproceedings{morris2016planning,
  title={Planning, Scheduling and Monitoring for Airport Surface Operations.},
  author={Morris, R. and Pasareanu, C. S. and Luckow, K. S. and Malik, W. and Ma, H. and Kumar, TK S. and Koenig, S.},
  booktitle={AAAI Workshop},
  year={2016}
}

@article{schreiber2018optimal,
  title={Optimal multi-way number partitioning},
  author={Schreiber, Ethan L and Korf, Richard E and Moffitt, Michael D},
  journal={Journal of the ACM (JACM)},
  volume={65},
  number={4},
  pages={24},
  year={2018}
}


@article{reiter1987theory,
  title={A theory of diagnosis from first principles},
  author={Reiter, Raymond},
  journal={Artificial intelligence},
  volume={32},
  number={1},
  pages={57--95},
  year={1987}
}



@article{de1987diagnosing,
  title={Diagnosing multiple faults},
  author={De Kleer, Johan and Williams, Brian C},
  journal={Artificial intelligence},
  volume={32},
  number={1},
  pages={97--130},
  year={1987}
}


@article{bonet2001planning,
  title={Planning as heuristic search},
  author={Bonet, Blai and Geffner, H{\'e}ctor},
  journal={Artificial Intelligence},
  volume={129},
  number={1-2},
  year={2001}
}
%  pages={5--33},



@inproceedings{palombo2015solving,
  title={Solving the snake in the box problem with heuristic search: First results},
  author={Palombo, Alon and Stern, Roni and Puzis, Rami and Felner, Ariel and Kiesel, Scott and Ruml, Wheeler},
  booktitle={Symposium on Combinatorial Search ({SoCS})},
  year={2015}
}


@inproceedings{stern2014max,
  title={Max is more than min: Solving maximization problems with heuristic search},
  author={Stern, Roni and Kiesel, Scott and Puzis, Rami and Felner, Ariel and Ruml, Wheeler},
  booktitle={Symposium on Combinatorial Search ({SoCS})},
  year={2014}
}



@inproceedings{lopez2013target,
  title={Target-value search revisited},
  author={L{\'o}pez, Carlos Linares and Stern, Roni and Felner, Ariel},
  booktitle={IJCAI},
  year={2013}
}


@article{williams2007conflict,
  title={Conflict-directed \astar and its role in model-based embedded systems},
  author={Williams, Brian C and Ragno, Robert J},
  journal={Discrete Applied Mathematics},
  volume={155},
  number={12},
  pages={1562--1595},
  year={2007}
}


@article{metodi2014novel,
  title={A novel sat-based approach to model based diagnosis},
  author={Metodi, Amit and Stern, Roni and Kalech, Meir and Codish, Michael},
  journal={Journal of Artificial Intelligence Research},
  volume={51},
  pages={377--411},
  year={2014}
}


@inproceedings{nica2013route,
  title={The route to success—a performance comparison of diagnosis algorithms},
  author={Nica, Iulia and Pill, Ingo and Quaritsch, Thomas and Wotawa, Franz},
  booktitle={IJCAI},
  year={2013}
}



@inproceedings{stern2012exploring,
  title={Exploring the duality in conflict-directed model-based diagnosis},
  author={Stern, Roni and Kalech, Meir and Feldman, Alexander and Provan, Gregory},
  booktitle={AAAI},
  year={2012}
}


@inproceedings{newell1959report,
  title={Report on a general problem solving program},
  author={Newell, Allen and Shaw, John C and Simon, Herbert A},
  booktitle={International Conference on Information Processing},
  year={1959}
}
  %volume={256},


@article{korf1985depth,
  title={Depth-first iterative-deepening: An optimal admissible tree search},
  author={Korf, Richard E},
  journal={Artificial intelligence},
  volume={27},
  number={1},
  pages={97--109},
  year={1985}
}

@article{holland1992genetic,
  title={Genetic algorithms},
  author={Holland, John H},
  journal={Scientific american},
  volume={267},
  number={1},
  pages={66--73},
  year={1992}
}



@inproceedings{DBLP:conf/aaai/YuL13,
  author    = {Jingjin Yu and
               Steven M. LaValle},
  title     = {Structure and Intractability of Optimal Multi-Robot Path
               Planning on Graphs},
  booktitle = {AAAI},
  year      = {2013},
}


@inproceedings{DBLP:conf/aaai/Surynek10,
  title={An Optimization Variant of Multi-Robot Path Planning Is Intractable},
  author={Surynek, Pavel},
  booktitle={AAAI},
  year={2010}
}