@inproceedings{li2023momentdiff,
      title={MomentDiff: Generative Video Moment Retrieval from Random to Real}, 
      author={Pandeng Li and Chen-Wei Xie and Hongtao Xie and Liming Zhao and Lei Zhang and Yun Zheng and Deli Zhao and Yongdong Zhang},
      year={2023},
     booktitle={NeurIPS},

}

@inproceedings{detr,
 author = {Lei, Jie and Berg, Tamara L and Bansal, Mohit},
 booktitle = {NeurIPS},
 editor = {M. Ranzato and A. Beygelzimer and Y. Dauphin and P.S. Liang and J. Wortman Vaughan},
 pages = {11846--11858},
 title = {Detecting Moments and Highlights in Videos via Natural Language Queries},
 year = {2021}
}


@inproceedings{carreira_quo_2017,
	title = {Quo {Vadis}, {Action} {Recognition}? {A} {New} {Model} and the {Kinetics} {Dataset}},
	booktitle = {{CVPR}},
	author = {Carreira, João and Zisserman, Andrew},
	year = {2017},
	pages = {4724--4733},
}

@inproceedings{lin_weakly-supervised_2020,
	title = {Weakly-{Supervised} {Video} {Moment} {Retrieval} via {Semantic} {Completion} {Network}},
	booktitle = {{AAAI}},
	author = {Lin, Zhijie and Zhao, Zhou and Zhang, Zhu and Wang, Qi and Liu, Huasheng},
	year = {2020},
}

@article{chen_look_2020,
	title = {Look {Closer} to {Ground} {Better}: {Weakly}-{Supervised} {Temporal} {Grounding} of {Sentence} in {Video}},
	author = {Chen, Zhenfang and Ma, Lin and Luo, Wenhan and Tang, Peng and Wong, Kwan-Yee K.},
	year = {2020},
	journal = {ArXiv:2001.09308},
}

@inproceedings{mithun_weakly_2019,
	title = {{Weakly Supervised Video Moment Retrieval from Text Queries}},
	booktitle = {CVPR},
	author = {Mithun, Niluthpol Chowdhury and Paul, Sujoy and Roy-Chowdhury, Amit K},
	year = {2019},
	pages = {11592--11601},
}

@inproceedings{pennington_glove_2014,
	title = {{GloVe}: {Global} {Vectors} for {Word} {Representation}},
	booktitle = {EMNLP},
	author = {Pennington, Jeffrey and Socher, Richard and Manning, Christopher},
	year = {2014},
	pages = {1532--1543},
}

@inproceedings{vaswani_attention_2017,
	title = {Attention is {All} you {Need}},
	booktitle = {NeurIPS},
	author = {Vaswani, Ashish and Shazeer, Noam and Parmar, Niki and Uszkoreit, Jakob and Jones, Llion and Gomez, Aidan N and Kaiser, {\L}ukasz and Polosukhin, Illia},
	year = {2017},
}

@inproceedings{Gao_2017_ICCV,
author = {Gao, Jiyang and Sun, Chen and Yang, Zhenheng and Nevatia, Ram},
title = {{TALL: Temporal Activity Localization via Language Query}},
booktitle = {ICCV},
year = {2017}
}


@article{krishna_visual_2017,
	title = {Visual {Genome}: {Connecting} {Language} and {Vision} {Using} {Crowdsourced} {Dense} {Image} {Annotations}},
	volume = {123},
	journal = {International Journal of Computer Vision},
	author = {Krishna, Ranjay and Zhu, Yuke and Groth, Oliver and Johnson, Justin and Hata, Kenji and Kravitz, Joshua and Chen, Stephanie and Kalantidis, Yannis and Li, Li-Jia and Shamma, David A. and Bernstein, Michael S. and Fei-Fei, Li},
	year = {2017},
	pages = {32--73},
}

@inproceedings{speer_conceptnet_2017,
	title = {{ConceptNet} 5.5: {An} {Open} {Multilingual} {Graph} of {General} {Knowledge}},
	author = {Speer, Robyn and Chin, Joshua and Havasi, Catherine},
	year = {2017},
	booktitle={AAAI},
	pages = {4444--4451},
}

@inproceedings{lei_tvqa_2020,
	title = {{TVQA}+: {Spatio}-{Temporal} {Grounding} for {Video} {Question} {Answering}},
	booktitle = {ACL},
	author = {Lei, Jie and Yu, Licheng and Berg, Tamara and Bansal, Mohit},
	year = {2020},
	pages = {8211--8225},
}

@article{qian_locate_2022,
	title = {Locate before {Answering}: {Answer} {Guided} {Question} {Localization} for {Video} {Question} {Answering}},
      author={Qian, Tianwen and Cui, Ran and Chen, Jingjing and Peng, Pai and Guo, Xiaowei and Jiang, Yu-Gang},
      journal={IEEE Transactions on Multimedia},
      year={2023}
}

@inproceedings{gao_end--end_2022,
	title = {End-to-end {Multi}-task {Learning} {Framework} for {Spatio}-{Temporal} {Grounding} in {Video} {Corpus}},
	booktitle = {CIKM},
	author = {Gao, Yingqi and Luo, Zhiling and Chen, Shiqian and Zhou, Wei},
	year = {2022},
	pages = {3958--3962},
}

@article{hammond_wavelets_2011,
	title = {Wavelets on graphs via spectral graph theory},
	volume = {30},
	journal = {Applied and Computational Harmonic Analysis},
	author = {Hammond, David K. and Vandergheynst, Pierre and Gribonval, Rémi},
	year = {2011},
	pages = {129--150},
}

@inproceedings{li_representation_2022,
	title = {From {Representation} to {Reasoning}: {Towards} {Both} {Evidence} and {Commonsense} {Reasoning} for {Video} {Question}-{Answering}},
	author = {Li, Jiangtong and Niu, Li and Zhang, Liqing},
	year = {2022},
	booktitle={CVPR},
	pages = {21273--21282},
}

@article{shin_cogme_2021,
  author       = {Minjung Shin and
                  Jeonghoon Kim and
                  Seongho Choi and
                  Yu{-}Jung Heo and
                  Donghyun Kim and
                  Min Su Lee and
                  Byoung{-}Tak Zhang and
                  Jeh{-}Kwang Ryu},
  title        = {{CogME: {A} Novel Evaluation Metric for Video Understanding Intelligence}},
  journal={ArXiv:2107.09847},
  year={2021}
}


@inproceedings{liu_violin_2020,
	title = {Violin: {A} {Large}-{Scale} {Dataset} for {Video}-and-{Language} {Inference}},
	author = {Liu, Jingzhou and Chen, Wenhu and Cheng, Yu and Gan, Zhe and Yu, Licheng and Yang, Yiming and Liu, Jingjing},
	year = {2020},
	booktitle={CVPR},
	pages = {10900--10910},
}

@inproceedings{hou_joint_2020,
	title = {Joint {Commonsense} and {Relation} {Reasoning} for {Image} and {Video} {Captioning}},
	booktitle = {AAAI},
	author = {Hou, Jingyi and Wu, Xinxiao and Zhang, Xiaoxun and Qi, Yayun and Jia, Yunde and Luo, Jiebo},
	year = {2020},
	pages = {10973--10980},
}

@inproceedings{kim2023language,
  title={Language-free Training for Zero-shot Video Grounding},
  author={Kim, Dahye and Park, Jungin and Lee, Jiyoung and Park, Seongheon and Sohn, Kwanghoon},
  booktitle={WACV},
  pages={2539--2548},
  year={2023}
}


@inproceedings{lei_what_2020,
	title = {What is {More} {Likely} to {Happen} {Next}? {Video}-and-{Language} {Future} {Event} {Prediction}},
	booktitle = {EMNLP},
	author = {Lei, Jie and Yu, Licheng and Berg, Tamara and Bansal, Mohit},
	year = {2020},
	pages = {8769--8784},
}

@inproceedings{goyal_something_2017,
	title = {The "{Something} {Something}" {Video} {Database} for {Learning} and {Evaluating} {Visual} {Common} {Sense}},
	booktitle = {ICCV},
	author = {Goyal, Raghav and Ebrahimi Kahou, Samira and Michalski, Vincent and Materzynska, Joanna and Westphal, Susanne and Kim, Heuna and Haenel, Valentin and Fruend, Ingo and Yianilos, Peter and Mueller-Freitag, Moritz and Hoppe, Florian and Thurau, Christian and Bax, Ingo and Memisevic, Roland},
	year = {2017},
	pages = {5842--5850},
}

@inproceedings{zhou_temporal_2018,
	title = {Temporal {Relational} {Reasoning} in {Videos}},
	author = {Zhou, Bolei and Andonian, Alex and Oliva, Aude and Torralba, Antonio},
	year = {2018},
	booktitle={ECCV},
	pages = {803--818},
}

@inproceedings{park_exposing_2022,
	title = {Exposing the {Limits} of {Video}-{Text} {Models} through {Contrast} {Sets}},
	urldate = {2022-10-02},
	booktitle = {NAACL-HTL},
	author = {Park, Jae Sung and Shen, Sheng and Farhadi, Ali and Darrell, Trevor and Choi, Yejin and Rohrbach, Anna},
	year = {2022},
	pages = {3574--3586},
}

@inproceedings{maharana_integrating_2021,
	title = {Integrating {Visuospatial}, {Linguistic}, and {Commonsense} {Structure} into {Story} {Visualization}},
	booktitle = {EMNLP},
	author = {Maharana, Adyasha and Bansal, Mohit},
	year = {2021},
	pages = {6772--6786},
}

@inproceedings {peng_multi-modal_2021,
author = {H. Peng and H. Huang and L. Xu and T. Li and J. Liu and H. Rahmani and Q. Ke and Z. Guo and C. Wu and R. Li and M. Ye and J. Wang and J. Zhang and Y. Liu and T. He and F. Zhang and X. Liu and T. Lin},
booktitle = {ICCV Workshops (ICCVW)},
title = {{The Multi-Modal Video Reasoning and Analyzing Competition}},
year = {2021},
pages = {806-813},
}


@inproceedings{ding_dynamic_2021,
	title = {Dynamic {Visual} {Reasoning} by {Learning} {Differentiable} {Physics} {Models} from {Video} and {Language}},
	booktitle = {NeurIPS},
	author = {Ding, Mingyu and Chen, Zhenfang and Du, Tao and Luo, Ping and Tenenbaum, Josh and Gan, Chuang},
	year = {2021},
	pages = {887--899},
}

@inproceedings{fang_video2commonsense_2020,
	title = {{Video2Commonsense}: {Generating} {Commonsense} {Descriptions} to {Enrich} {Video} {Captioning}},
	booktitle = {EMNLP},
	author = {Fang, Zhiyuan and Gokhale, Tejas and Banerjee, Pratyay and Baral, Chitta and Yang, Yezhou},
	year = {2020},
	pages = {840--860},
}

@inproceedings{yu_hybrid_2021,
	title = {Hybrid {Reasoning} {Network} for {Video}-based {Commonsense} {Captioning}},
	booktitle = {ACM MM},
	author = {Yu, Weijiang and Liang, Jian and Ji, Lei and Li, Lu and Fang, Yuejian and Xiao, Nong and Duan, Nan},
	year = {2021},
	pages = {5213--5221},
}

@inproceedings{cao_visual_2022,
	title = {Visual {Consensus} {Modeling} for {Video}-{Text} {Retrieval}},
     author={Cao, Shuqiang and Wang, Bairui and Zhang, Wei and Ma, Lin},
      booktitle={AAAI Conference on Artificial Intelligence},
      pages={167--175},
      year={2022}
}

@article{zhang_explicit_2022,
	title = {Explicit {Cross}-{Modal} {Representation} {Learning} for {Visual} {Commonsense} {Reasoning}},
	volume = {24},
	issn = {1941-0077},
	journal = {IEEE Transactions on Multimedia},
	author = {Zhang, Xi and Zhang, Feifei and Xu, Changsheng},
	year = {2022},
	pages = {2986--2997},
}

@inproceedings{jiang_pseudo-q_2022,
	title = {Pseudo-{Q}: {Generating} {Pseudo} {Language} {Queries} for {Visual} {Grounding}},
	booktitle = {CVPR},
	author = {Jiang, Haojun and Lin, Yuanze and Han, Dongchen and Song, Shiji and Huang, Gao},
	year = {2022},
	pages = {15513--15523},
}

@inproceedings{lin_kagnet_2019,
  title={{KagNet: Knowledge-Aware Graph Networks for Commonsense Reasoning}}, author={Lin, Bill Yuchen and Chen, Xinyue and Chen, Jamin and Ren, Xiang},
  booktitle={EMNLP-IJCNLP},
  pages={2829--2839},
  year={2019}
}


@inproceedings{nam_zero-shot_2021,
	title = {Zero-{Shot} {Natural} {Language} {Video} {Localization}},
	booktitle = {ICCV},
	author = {Nam, Jinwoo and Ahn, Daechul and Kang, Dongyeop and Ha, Seong Jong and Choi, Jonghyun},
	year = {2021},
	pages = {1470--1479},
}

@inproceedings{liu_unsupervised_2022,
	title = {Unsupervised {Temporal} {Video} {Grounding} with {Deep} {Semantic} {Clustering}},
	booktitle = {AAAI Conference on Artificial Intelligence},
	author = {Liu, Daizong and Qu, Xiaoye and Wang, Yinzhen and Di, Xing and Zou, Kai and Cheng, Yu and Xu, Zichuan and Zhou, Pan},
    pages={1683--1691},
    year = {2022},
}

@inproceedings{rodriguez_proposal-free_2020,
	title = {Proposal-free {Temporal} {Moment} {Localization} of a {Natural}-{Language} {Query} in {Video} using {Guided} {Attention}},
	booktitle = {WACV},
	author = {Rodriguez, Cristian and Marrese-Taylor, Edison and Saleh, Fatemeh Sadat and LI, Hongdong and Gould, Stephen},
	year = {2020},
}

@inproceedings{chen_hierarchical_2020,
	title = {Hierarchical {Visual}-{Textual} {Graph} for {Temporal} {Activity} {Localization} via {Language}},
	booktitle = {ECCV},
	author = {Chen, Shaoxiang and Jiang, Yu-Gang},
	year = {2020},
	pages = {601--618},
}

@inproceedings{mun_local-global_2020,
	title = {Local-{Global} {Video}-{Text} {Interactions} for {Temporal} {Grounding}},
	booktitle = {CVPR},
	author = {Mun, Jonghwan and Cho, Minsu and Han, Bohyung},
	year = {2020},
}

@inproceedings{ma_vlanet_2020,
	title = {{VLANet}: {Video}-{Language} {Alignment} {Network} for {Weakly}-{Supervised} {Video} {Moment} {Retrieval}},
	booktitle = {ECCV},
	author = {Ma, Minuk and Yoon, Sunjae and Kim, Junyeong and Lee, Youngjoon and Kang, Sunghun and Yoo, Chang D.},
	year = {2020},
	pages = {156--171},
}

@inproceedings{nan_interventional_2021,
	title = {Interventional {Video} {Grounding} {With} {Dual} {Contrastive} {Learning}},
	booktitle = {CVPR},
	author = {Nan, Guoshun and Qiao, Rui and Xiao, Yao and Liu, Jun and Leng, Sicong and Zhang, Hao and Lu, Wei},
	year = {2021},
	pages = {2765--2775},
}

@inproceedings{zhang_multi-stage_2021,
	title = {Multi-stage {Aggregated} {Transformer} {Network} for {Temporal} {Language} {Localization} in {Videos}},
	booktitle = {{CVPR}},
	author = {Zhang, Mingxing and Yang, Yang and Chen, Xinghan and Ji, Yanli and Xu, Xing and Li, Jingjing and Shen, Heng Tao},
	month = jun,
	year = {2021},
	pages = {12664--12673},
}

@inproceedings{zeng_multi-modal_2021,
	title = {Multi-{Modal} {Relational} {Graph} for {Cross}-{Modal} {Video} {Moment} {Retrieval}},
	author = {Zeng, Yawen and Cao, Da and Wei, Xiaochi and Liu, Meng and Zhao, Zhou and Qin, Zheng},
	year = {2021},
	booktitle={CVPR},
	pages = {2215--2224},
}

@inproceedings{tan_logan_2021,
	title = {{LoGAN}: {Latent} {Graph} {Co}-{Attention} {Network} for {Weakly}-{Supervised} {Video} {Moment} {Retrieval}},
	booktitle={WACV},
	author = {Tan, Reuben and Xu, Huijuan and Saenko, Kate and Plummer, Bryan A.},
	year = {2021},
	pages = {2083--2092},
}

@inproceedings{soldan_vlg-net_2021,
  title = {{VLG}-{Net}: {Video}-{Language} {Graph} {Matching} {Network} for {Video} {Grounding}},
  author={Soldan, Mattia and Xu, Mengmeng and Qu, Sisi and Tegner, Jesper and Ghanem, Bernard},
  booktitle={ICCV},
  pages={3224--3234},
  year={2021}
}

@inproceedings{wang_temporally_2020,
  title={Temporally {Grounding} {Language} {Queries} in {Videos} by {Contextual} {Boundary}-{Aware} {Prediction}},
  author={Wang, Jingwen and Ma, Lin and Jiang, Wenhao},
  booktitle={AAAI Conference on Artificial Intelligence},
  pages={12168--12175},
  year={2020}
}


@inproceedings{gao_relation-aware_2021,
	title = {Relation-aware {Video} {Reading} {Comprehension} for {Temporal} {Language} {Grounding}},
	booktitle = {EMNLP},
	author = {Gao, Jialin and Sun, Xin and Xu, Mengmeng and Zhou, Xi and Ghanem, Bernard},
	year = {2021},
	pages = {3978--3988},
}

@inproceedings{zeng_dense_2020,
	title = {Dense {Regression} {Network} for {Video} {Grounding}},
	booktitle = {CVPR},
	author = {Zeng, Runhao and Xu, Haoming and Huang, Wenbing and Chen, Peihao and Tan, Mingkui and Gan, Chuang},
	year = {2020},
}

@inproceedings{liu_context-aware_2021,
	title = {Context-{Aware} {Biaffine} {Localizing} {Network} for {Temporal} {Sentence} {Grounding}},
	booktitle = {CVPR},
	author = {Liu, Daizong and Qu, Xiaoye and Dong, Jianfeng and Zhou, Pan and Cheng, Yu and Wei, Wei and Xu, Zichuan and Xie, Yulai},
	year = {2021},
	pages = {11235--11244},
}

@article{yu_intra-_2020,
	title = {Intra- and {Inter}-modal {Multilinear} {Pooling} with {Multitask} {Learning} for {Video} {Grounding}},
	volume = {52},
	issn = {1370-4621},
	number = {3},
	urldate = {2022-09-28},
	journal = {Neural Processing Letters},
	author = {Yu, Zhou and Song, Yijun and Yu, Jun and Wang, Meng and Huang, Qingming},
	year = {2020},
	pages = {1863--1879},
}

@inproceedings{zhou_embracing_2021,
	title = {Embracing {Uncertainty}: {Decoupling} and {De}-bias for {Robust} {Temporal} {Grounding}},
    booktitle={CVPR},
    pages={8445--8454},
    author = {Zhou, Hao and Zhang, Chongyang and Luo, Yan and Chen, Yanjun and Hu, Chuanping},
	month = jun,
	year = {2021},
}

@inproceedings{liu_exploring_2022,
	title = {Exploring {Motion} and {Appearance} {Information} for {Temporal} {Sentence} {Grounding}},
	booktitle = {AAAI Conference on Artificial Intelligence},
	author = {Liu, Daizong and Qu, Xiaoye and Zhou, Pan and Liu, Yang},
	year = {2022},
	pages = {1674--1682},
}

@inproceedings{rodriguez-opazo_dori_2021,
    author    = {Rodriguez-Opazo, Cristian and Marrese-Taylor, Edison and Fernando, Basura and Li, Hongdong and Gould, Stephen},
    title     = {{DORi: Discovering Object Relationships for Moment Localization of a Natural Language Query in a Video}},
    booktitle = {WACV},
    year      = {2021},
    pages     = {1079-1088}
}

@inproceedings {zhang_natural_2022,
author = {L. Zhang and R. J. Radke},
booktitle = {WACV},
title = {Natural Language Video Moment Localization Through Query-Controlled Temporal Convolution},
year = {2022},
pages = {2524-2532}
}

@inproceedings{zhao_cascaded_2021,
    author    = {Zhao, Yang and Zhao, Zhou and Zhang, Zhu and Lin, Zhijie},
    title     = {Cascaded Prediction Network via Segment Tree for Temporal Video Grounding},
    booktitle = {CVPR},
    year      = {2021},
    pages     = {4197-4206}
}


@article{wu_learning_2022,
	title = {Learning {Commonsense}-aware {Moment}-{Text} {Alignment} for {Fast} {Video} {Temporal} {Grounding}},
	author = {Wu, Ziyue and Gao, Junyu and Huang, Shucheng and Xu, Changsheng},
	year = {2022},
	journal = {ArXiv:2204.01450},
}

@inproceedings{huang_cross-sentence_2021,
    author    = {Huang, Jiabo and Liu, Yang and Gong, Shaogang and Jin, Hailin},
    title     = {{Cross-Sentence Temporal and Semantic Relations in Video Activity Localisation}},
    booktitle = {ICCV)},
    year      = {2021},
    pages     = {7199-7208}
}

@inproceedings{liu_reasoning_2020,
    title = {{Reasoning Step-by-Step: Temporal Sentence Localization in Videos via Deep Rectification-Modulation Network}},
    author = "Liu, Daizong  and
      Qu, Xiaoye  and
      Dong, Jianfeng  and
      Zhou, Pan",
    booktitle = "COLING",
    year = "2020",
    pages = "1841--1851",
}


@inproceedings {gao_fast_2021,
author = {J. Gao and C. Xu},
booktitle = {ICCV},
title = {Fast Video Moment Retrieval},
year = {2021},
pages = {1503-1512}
}

@inproceedings{wang_fine-grained_2021,
    title = {{Fine-grained Semantic Alignment Network for Weakly Supervised Temporal Language Grounding}},
    author = "Wang, Yuechen  and
      Zhou, Wengang  and
      Li, Houqiang",
    booktitle = "Findings of EMNLP",
    year = "2021",
    pages = "89--99",
}

@inproceedings{schlichtkrull2018modeling,
author="Schlichtkrull, Michael
and Kipf, Thomas N.
and Bloem, Peter
and vanden Berg, Rianne
and Titov, Ivan
and Welling, Max",
title={{Modeling Relational Data with Graph Convolutional Networks}},
booktitle="The Semantic Web",
year="2018",
pages="593--607",
}

@inproceedings{gao2019wslln,
    title = {{{WSLLN}:Weakly Supervised Natural Language Localization Networks}},
    author = "Gao, Mingfei  and
      Davis, Larry  and
      Socher, Richard  and
      Xiong, Caiming",
    booktitle = "EMNLP-IJCNLP",
    year = "2019",
    pages = "1481--1487",
}

@inproceedings{duan2018weakly,
title = {{Weakly Supervised Dense Event Captioning in Videos}},
author = {Duan, Xuguang and Huang, Wenbing and Gan, Chuang and Wang, Jingdong and Zhu, Wenwu and Huang, Junzhou},
booktitle = {NeurIPS},
pages = {3062--3072},
year = {2018},
}

@inproceedings{krishna2017dense,
    title={{Dense-Captioning Events in Videos}},
    author={Krishna, Ranjay and Hata, Kenji and Ren, Frederic and Fei-Fei, Li and Niebles, Juan Carlos},
    booktitle={ICCV},
    year={2017}
}

@inproceedings{heilbron2015activitynet,
  author={Heilbron, Fabian Caba and Escorcia, Victor and Ghanem, Bernard and Niebles, Juan Carlos},
  booktitle={CVPR}, 
  title={{ActivityNet: A Large-scale Video Benchmark for Human Activity Understanding}}, 
  year={2015},
}


@inproceedings{yang_deconfounded_2021,
author = {Yang, Xun and Feng, Fuli and Ji, Wei and Wang, Meng and Chua, Tat-Seng},
title = {{Deconfounded Video Moment Retrieval with Causal Intervention}},
year = {2021},
booktitle = {ACM SIGIR},
pages = {1–10},
}

@inproceedings {ding_support-set_2021,
author = {X. Ding and N. Wang and S. Zhang and D. Cheng and X. Li and Z. Huang and M. Tang and X. Gao},
booktitle = {ICCV},
title = {{Support-Set Based Cross-Supervision for Video Grounding}},
year = {2021},
pages = {11553-11562}
}

@inproceedings{xu_boundary-sensitive_2021,
    author    = {Xu, Mengmeng and P\'erez-R\'ua, Juan-Manuel and Escorcia, Victor and Mart{\'\i}nez, Brais and Zhu, Xiatian and Zhang, Li and Ghanem, Bernard and Xiang, Tao},
    title     = {{Boundary-Sensitive Pre-Training for Temporal Localization in Videos}},
    booktitle = {ICCV},
    year      = {2021},
    pages     = {7220-7230}
}

@inproceedings{xiao_boundary_2021,
  title={{Boundary Proposal Network for Two-Stage Natural Language Video Localization}},
  author={Xiao, Shaoning and Chen, Long and Zhang, Songyang and Ji, Wei and Shao, Jian and Ye, Lu and Xiao, Jun},
  booktitle={AAAI Conference on Artificial Intelligence},
  year={2021}
}

@inproceedings{li_proposal-free_2021,
  title={{Proposal-free Video Grounding with Contextual Pyramid Network}},
  author={Li, Kun and Guo, Dan and Wang, Meng},
  booktitle={AAAI Conference on Artificial Intelligence},
  pages={1902--1910},
  year={2021}
}

@inproceedings{zhang_video_2021,
	title = {Video {Corpus} {Moment} {Retrieval} with {Contrastive} {Learning}},
	booktitle = {ACM SIGIR},
	author = {Zhang, Hao and Sun, Aixin and Jing, Wei and Nan, Guoshun and Zhen, Liangli and Zhou, Joey Tianyi and Goh, Rick Siow Mong},
	year = {2021},
	pages = {685--695},
}

@inproceedings{zhang_counterfactual_2020,
 author = {Zhang, Zhu and Zhao, Zhou and Lin, Zhijie and zhu, jieming and He, Xiuqiang},
 booktitle = {NeurIPS},
 pages = {18123--18134},
 title = {{Counterfactual Contrastive Learning for Weakly-Supervised Vision-Language Grounding}},
 year = {2020}
}

@inproceedings{tan_logan_2021-1,
    author    = {Tan, Reuben and Xu, Huijuan and Saenko, Kate and Plummer, Bryan A.},
    title     = {{LoGAN: Latent Graph Co-Attention Network for Weakly-Supervised Video Moment Retrieval}},
    booktitle = {WACV},
    year      = {2021},
    pages     = {2083-2092}
}

@ARTICLE{gao_umvr,
  author={Gao, Junyu and Xu, Changsheng},
  journal={IEEE Transactions on Circuits and Systems for Video Technology}, 
  title={{Learning Video Moment Retrieval Without a Single Annotated Video}}, 
  year={2022},
  pages={1646-1657},
}

@inproceedings{c3d,
author = {Tran, Du and Bourdev, Lubomir and Fergus, Rob and Torresani, Lorenzo and Paluri, Manohar},
title = {{Learning Spatiotemporal Features with 3D Convolutional Networks}},
year = {2015},
booktitle = {ICCV},
pages = {4489–4497}
}

@inproceedings {coref_commonsense_ieee,
author = {K. He and B. Mao and X. Zhou and Y. Li and T. Gong and C. Li and J. Wu},
booktitle = {IEEE BIBM},
title = {{Knowledge Enhanced Coreference Resolution via Gated Attention}},
year = {2022},
pages = {2287-2293}
}

@inproceedings{coref_commonsense_acl_ravi-etal-2023-happens,
    title = {{What happens before and after: Multi-Event Commonsense in Event Coreference Resolution}},
    author = "Ravi, Sahithya  and
      Tanner, Chris  and
      Ng, Raymond  and
      Shwartz, Vered",
    booktitle = "EACL",
    year = "2023",
    pages = "1708--1724",
}

@inproceedings{ye2023improving,
    author    = {Ye, Shuquan and Xie, Yujia and Chen, Dongdong and Xu, Yichong and Yuan, Lu and Zhu, Chenguang and Liao, Jing},
    title     = {{Improving Commonsense in Vision-Language Models via Knowledge Graph Riddles}},
    booktitle = {CVPR},
    year      = {2023},
    pages     = {2634-2645}
}

@inproceedings{cho-etal-2014-learning,
    title = {{Learning Phrase Representations using {RNN} Encoder{--}Decoder for Statistical Machine Translation}},
    author = {Cho, Kyunghyun  and
      van Merri{\"e}nboer, Bart  and
      Gulcehre, Caglar  and
      Bahdanau, Dzmitry  and
      Bougares, Fethi  and
      Schwenk, Holger  and
      Bengio, Yoshua},
    booktitle = "{EMNLP}",
    year = "2014",
    pages = "1724--1734",
}

@article{ren2016faster,
  title={{Faster R-CNN: Towards Real-time Object Detection with Region Proposal Networks}},
  author={Ren, Shaoqing and He, Kaiming and Girshick, Ross and Sun, Jian},
  journal={NeurIPS},
  year={2015}
}

@inproceedings{radford2021learning,
  title={{Learning Transferable Visual Models from Natural Language Supervision}},
  author={Radford, Alec and Kim, Jong Wook and Hallacy, Chris and Ramesh, Aditya and Goh, Gabriel and Agarwal, Sandhini and Sastry, Girish and Askell, Amanda and Mishkin, Pamela and Clark, Jack and others},
  booktitle={ICML},
  pages={8748--8763},
  year={2021}
}