String(PAMI = {IEEE Trans. Pattern Anal. Mach. Intell.})
@String(IJCV = {Int. J. Comput. Vis.})
@String(CVPR= {IEEE Conf. Comput. Vis. Pattern Recog.})
@String(ICCV= {Int. Conf. Comput. Vis.})
@String(ECCV= {Eur. Conf. Comput. Vis.})
@String(NIPS= {Adv. Neural Inform. Process. Syst.})
@String(ICPR = {Int. Conf. Pattern Recog.})
@String(BMVC= {Brit. Mach. Vis. Conf.})
@String(TOG= {ACM Trans. Graph.})
@String(TIP  = {IEEE Trans. Image Process.})
@String(TVCG  = {IEEE Trans. Vis. Comput. Graph.})
@String(TMM  = {IEEE Trans. Multimedia})
@String(ACMMM= {ACM Int. Conf. Multimedia})
@String(ICME = {Int. Conf. Multimedia and Expo})
@String(ICASSP=	{ICASSP})
@String(ICIP = {IEEE Int. Conf. Image Process.})
@String(ACCV  = {ACCV})
@String(ICLR = {Int. Conf. Learn. Represent.})
@String(IJCAI = {IJCAI})
@String(PR   = {Pattern Recognition})
@String(AAAI = {AAAI})
@String(CVPRW= {IEEE Conf. Comput. Vis. Pattern Recog. Worksh.})
@String(CSVT = {IEEE Trans. Circuit Syst. Video Technol.})

@String(SPL	= {IEEE Sign. Process. Letters})
@String(VR   = {Vis. Res.})
@String(JOV	 = {J. Vis.})
@String(TVC  = {The Vis. Comput.})
@String(JCST  = {J. Comput. Sci. Tech.})
@String(CGF  = {Comput. Graph. Forum})
@String(CVM = {Computational Visual Media})


@String(PAMI  = {IEEE TPAMI})
@String(IJCV  = {IJCV})
@String(CVPR  = {CVPR})
@String(ICCV  = {ICCV})
@String(ECCV  = {ECCV})
@String(NIPS  = {NeurIPS})
@String(ICPR  = {ICPR})
@String(BMVC  =	{BMVC})
@String(TOG   = {ACM TOG})
@String(TIP   = {IEEE TIP})
@String(TVCG  = {IEEE TVCG})
@String(TCSVT = {IEEE TCSVT})
@String(TMM   =	{IEEE TMM})
@String(ACMMM = {ACM MM})
@String(ICME  =	{ICME})
@String(ICASSP=	{ICASSP})
@String(ICIP  = {ICIP})
@String(ACCV  = {ACCV})
@String(ICLR  = {ICLR})
@String(IJCAI = {IJCAI})
@String(PR = {PR})
@String(AAAI = {AAAI})
@String(CVPRW= {CVPRW})
@String(CSVT = {IEEE TCSVT})

@inproceedings{li2020symmetry,
  title={Symmetry and group in attribute-object compositions},
  author={Li, Yong-Lu and Xu, Yue and Mao, Xiaohan and Lu, Cewu},
  booktitle= {CVPR},
  pages={11316--11325},
  year={2020}
}

@inproceedings{misra2017red,
  title={From red wine to red tomato: Composition with context},
  author={Misra, Ishan and Gupta, Abhinav and Hebert, Martial},
  booktitle= {CVPR},
  pages={1792--1801},
  year={2017}
}
@inproceedings{naeem2021learning,
  title={Learning graph embeddings for compositional zero-shot learning},
  author={Naeem, Muhammad Ferjad and Xian, Yongqin and Tombari, Federico and Akata, Zeynep},
  booktitle={CVPR},
  pages={953--962},
  year={2021}
}
@inproceedings{mancini2021open,
  title={Open world compositional zero-shot learning},
  author={Mancini, Massimiliano and Naeem, Muhammad Ferjad and Xian, Yongqin and Akata, Zeynep},
  booktitle={CVPR},
  pages={5222--5230},
  year={2021}
}
@inproceedings{li2022siamese,
  title={Siamese Contrastive Embedding Network for Compositional Zero-Shot Learning},
  author={Li, Xiangyu and Yang, Xu and Wei, Kun and Deng, Cheng and Yang, Muli},
  booktitle={CVPR},
  pages={9326--9335},
  year={2022}
}

@article{mikolov2013distributed,
  title={Distributed representations of words and phrases and their compositionality},
  author={Mikolov, Tomas and Sutskever, Ilya and Chen, Kai and Corrado, Greg S and Dean, Jeff},
  journal={NeurIPS},
  volume={26},
  year={2013}
}
@inproceedings{purushwalkam2019task,
  title={Task-driven modular networks for zero-shot compositional learning},
  author={Purushwalkam, Senthil and Nickel, Maximilian and Gupta, Abhinav and Ranzato, Marc'Aurelio},
  booktitle={ICCV},
  pages={3593--3602},
  year={2019}
}
@inproceedings{wei2019adversarial,
  title={Adversarial fine-grained composition learning for unseen attribute-object recognition},
  author={Wei, Kun and Yang, Muli and Wang, Hao and Deng, Cheng and Liu, Xianglong},
  booktitle={ICCV},
  pages={3741--3749},
  year={2019}
}
@inproceedings{alemi2016deep,
  title={Deep variational information bottleneck},
  author={Alemi, Alexander A and Fischer, Ian and Dillon, Joshua V and Murphy, Kevin},
  booktitle={ICLR},
  year={2017}
}
@article{tishby2000information,
  title={The information bottleneck method},
  author={Tishby, Naftali and Pereira, Fernando C and Bialek, William},
  journal={arXiv preprint physics/0004057},
  year={2000}
}
@inproceedings{lin2017focal,
  title={Focal loss for dense object detection},
  author={Lin, Tsung-Yi and Goyal, Priya and Girshick, Ross and He, Kaiming and Doll{\'a}r, Piotr},
  booktitle={ICCV},
  pages={2980--2988},
  year={2017}
}
@inproceedings{mit,
  title={Discovering states and transformations in image collections},
  author={Isola, Phillip and Lim, Joseph J and Adelson, Edward H},
  booktitle={CVPR},
  pages={1383--1391},
  year={2015}
}
@inproceedings{utzappos,
  title={Fine-grained visual comparisons with local learning},
  author={Yu, Aron and Grauman, Kristen},
  booktitle={CVPR},
  pages={192--199},
  year={2014}
}
@inproceedings{xian2017zero,
	title={Zero-shot learning-the good, the bad and the ugly},
	author={Xian, Yongqin and Schiele, Bernt and Akata, Zeynep},
	booktitle={CVPR},
	pages={4582--4591},
	year={2017}
}

@inproceedings{resnet,
  title={Deep residual learning for image recognition},
  author={He, Kaiming and Zhang, Xiangyu and Ren, Shaoqing and Sun, Jian},
  booktitle={CVPR},
  pages={770--778},
  year={2016}
}

@inproceedings{2009ImageNet,
  author={Deng, Jia and Dong, Wei and Socher, Richard and Li, Li-Jia and Kai Li and Li Fei-Fei},
  booktitle={CVPR}, 
  title={ImageNet: A large-scale hierarchical image database}, 
  year={2009},
  pages={248-255}
}
@article{kingma2014adam,
  title={Adam: A method for stochastic optimization},
  author={Kingma, Diederik P and Ba, Jimmy},
  journal={arXiv preprint arXiv:1412.6980},
  year={2014}
}
@article{paszke2019pytorch,
  title={Pytorch: An imperative style, high-performance deep learning library},
  author={Paszke, Adam and Gross, Sam and Massa, Francisco and Lerer, Adam and Bradbury, James and Chanan, Gregory and Killeen, Trevor and Lin, Zeming and Gimelshein, Natalia and Antiga, Luca and others},
  journal={NeurIPS},
  volume={32},
  year={2019}
}
@inproceedings{nagarajan2018attributes,
  title={Attributes as operators: factorizing unseen attribute-object compositions},
  author={Nagarajan, Tushar and Grauman, Kristen},
  booktitle={ECCV},
  pages={169--185},
  year={2018}
}
@article{mancini2022learning,
  title={Learning graph embeddings for open world compositional zero-shot learning},
  author={Mancini, Massimiliano and Naeem, Muhammad Ferjad and Xian, Yongqin and Akata, Zeynep},
  journal={PAMI},
  year={2022},
  publisher={IEEE}
}
@article{atzmon2020causal,
  title={A causal view of compositional zero-shot recognition},
  author={Atzmon, Yuval and Kreuk, Felix and Shalit, Uri and Chechik, Gal},
  journal={NeurIPS},
  volume={33},
  pages={1462--1473},
  year={2020}
}
@article{lampert2013attribute,
	title={Attribute-based classification for zero-shot visual object categorization},
	author={Lampert, Christoph H and Nickisch, Hannes and Harmeling, Stefan},
	journal={PAMI},
	volume={36},
	number={3},
	pages={453--465},
	year={2013}
}
@inproceedings{akata2013label,
	title={Label-embedding for attribute-based classification},
	author={Akata, Zeynep and Perronnin, Florent and Harchaoui, Zaid and Schmid, Cordelia},
	booktitle={CVPR},
	pages={819--826},
	year={2013}
}
@inproceedings{lampert2009learning,
	title={Learning to detect unseen object classes by between-class attribute transfer},
	author={Lampert, Christoph H and Nickisch, Hannes and Harmeling, Stefan},
	booktitle={CVPR},
	pages={951--958},
	year={2009}
}
@inproceedings{elhoseiny2013write,
	title={Write a classifier: Zero-shot learning using purely textual descriptions},
	author={Elhoseiny, Mohamed and Saleh, Babak and Elgammal, Ahmed},
	booktitle={ICCV},
	pages={2584--2591},
	year={2013}
}
@inproceedings{chen2014inferring,
  title={Inferring analogous attributes},
  author={Chen, Chao-Yeh and Grauman, Kristen},
  booktitle={CVPR},
  pages={200--207},
  year={2014}
}
@article{hoffman1984parts,
  title={Parts of recognition},
  author={Hoffman, Donald D and Richards, Whitman A},
  journal={Cognition},
  volume={18},
  number={1-3},
  pages={65--96},
  year={1984},
  publisher={Elsevier}
}
@article{biederman1987recognition,
  title={Recognition-by-components: a theory of human image understanding.},
  author={Biederman, Irving},
  journal={Psychological review},
  volume={94},
  number={2},
  pages={115},
  year={1987},
  publisher={American Psychological Association}
}
@article{wang2019task,
  title={Task-aware feature generation for zero-shot compositional learning},
  author={Wang, Xin and Yu, Fisher and Darrell, Trevor and Gonzalez, Joseph E},
  journal={arXiv preprint arXiv:1906.04854},
  year={2019}
}

@article{masko2015impact,
  title={The impact of imbalanced training data for convolutional neural networks},
  author={Hensman, Paulina and Masko, David},
  journal={Degree Project in Computer Science, KTH Royal Institute of Technology},
  year={2015}
}
@inproceedings{liu2016ssd,
  title={Ssd: Single shot multibox detector},
  author={Liu, Wei and Anguelov, Dragomir and Erhan, Dumitru and Szegedy, Christian and Reed, Scott and Fu, Cheng-Yang and Berg, Alexander C},
  booktitle={ECCV},
  pages={21--37},
  year={2016},
  organization={Springer}
}
@inproceedings{redmon2017yolo9000,
  title={YOLO9000: better, faster, stronger},
  author={Redmon, Joseph and Farhadi, Ali},
  booktitle={CVPR},
  pages={7263--7271},
  year={2017}
}
@inproceedings{zhou2017fine,
  title={Fine-tuning convolutional neural networks for biomedical image analysis: actively and incrementally},
  author={Zhou, Zongwei and Shin, Jae and Zhang, Lei and Gurudu, Suryakanth and Gotway, Michael and Liang, Jianming},
  booktitle={CVPR},
  pages={7340--7351},
  year={2017}
}
@article{tsne,
  title={Visualizing data using t-SNE.},
  author={Van der Maaten, Laurens and Hinton, Geoffrey},
  journal={Journal of machine learning research},
  volume={9},
  number={11},
  year={2008}
}
@article{kipf2016semi,
  title={Semi-supervised classification with graph convolutional networks},
  author={Kipf, Thomas N and Welling, Max},
  journal={arXiv preprint arXiv:1609.02907},
  year={2016}
}
@article{bojanowski2017enriching,
  title={Enriching word vectors with subword information},
  author={Bojanowski, Piotr and Grave, Edouard and Joulin, Armand and Mikolov, Tomas},
  journal={Transactions of the association for computational linguistics},
  volume={5},
  pages={135--146},
  year={2017},
  publisher={MIT Press}
}
@inproceedings{yu2017semantic,
  title={Semantic jitter: Dense supervision for visual comparisons via synthetic images},
  author={Yu, Aron and Grauman, Kristen},
  booktitle={ICCV},
  pages={5570--5579},
  year={2017}
}
@inproceedings{chen2020simple,
  title={Simple and deep graph convolutional networks},
  author={Chen, Ming and Wei, Zhewei and Huang, Zengfeng and Ding, Bolin and Li, Yaliang},
  booktitle={ICML},
  pages={1725--1735},
  year={2020},
  organization={PMLR}
}
@inproceedings{relu,
  title={Rectified linear units improve restricted boltzmann machines},
  author={Nair, Vinod and Hinton, Geoffrey E},
    booktitle={ICML},
  year={2010}
}
@inproceedings{salakhutdinov2011learning,
  title={Learning to share visual appearance for multiclass object detection},
  author={Salakhutdinov, Ruslan and Torralba, Antonio and Tenenbaum, Josh},
  booktitle={CVPR},
  pages={1481--1488},
  year={2011},
  organization={IEEE}
}
@article{wang2017learning,
  title={Learning to model the tail},
  author={Wang, Yu-Xiong and Ramanan, Deva and Hebert, Martial},
  journal={NeurIPS},
  volume={30},
  year={2017}
}
@inproceedings{saini2022disentangling,
  title={Disentangling Visual Embeddings for Attributes and Objects},
  author={Saini, Nirat and Pham, Khoi and Shrivastava, Abhinav},
  booktitle={CVPR},
  pages={13658--13667},
  year={2022}
}
@article{xu2021relation,
  title={Relation-aware compositional zero-shot learning for attribute-object pair recognition},
  author={Xu, Ziwei and Wang, Guangzhi and Wong, Yongkang and Kankanhalli, Mohan S},
  journal={IEEE Transactions on Multimedia},
  volume={24},
  pages={3652--3664},
  year={2021},
  publisher={IEEE}
}
@inproceedings{yang2020learning,
  title={Learning unseen concepts via hierarchical decomposition and composition},
  author={Yang, Muli and Deng, Cheng and Yan, Junchi and Liu, Xianglong and Tao, Dacheng},
  booktitle={CVPR},
  pages={10248--10256},
  year={2020}
}
@article{lowe1995similarity,
  title={Similarity metric learning for a variable-kernel classifier},
  author={Lowe, David G},
  journal={Neural computation},
  volume={7},
  number={1},
  pages={72--85},
  year={1995},
  publisher={MIT Press}
}
@article{xing2002distance,
  title={Distance metric learning with application to clustering with side-information},
  author={Xing, Eric and Jordan, Michael and Russell, Stuart J and Ng, Andrew},
  journal={NeurIPS},
  volume={15},
  year={2002}
}
@article{sohn2016improved,
  title={Improved deep metric learning with multi-class n-pair loss objective},
  author={Sohn, Kihyuk},
  journal={NeurIPS},
  volume={29},
  year={2016}
}
@inproceedings{chopra2005learning,
  title={Learning a similarity metric discriminatively, with application to face verification},
  author={Chopra, Sumit and Hadsell, Raia and LeCun, Yann},
  booktitle={CVPR},
  volume={1},
  pages={539--546},
  year={2005},
  organization={IEEE}
}
@inproceedings{hadsell2006dimensionality,
  title={Dimensionality reduction by learning an invariant mapping},
  author={Hadsell, Raia and Chopra, Sumit and LeCun, Yann},
  booktitle={CVPR},
  volume={2},
  pages={1735--1742},
  year={2006},
  organization={IEEE}
}
@article{chechik2010large,
  title={Large scale online learning of image similarity through ranking.},
  author={Chechik, Gal and Sharma, Varun and Shalit, Uri and Bengio, Samy},
  journal={Journal of Machine Learning Research},
  volume={11},
  number={3},
  year={2010}
}
@article{weinberger2009distance,
  title={Distance metric learning for large margin nearest neighbor classification.},
  author={Weinberger, Kilian Q and Saul, Lawrence K},
  journal={Journal of machine learning research},
  volume={10},
  number={2},
  year={2009}
}
@misc{kexuefm-8847,
        title={CoSENT: A more efficient sentence vector scheme than Sentence-BERT},
        author={Jianlin Su},
        howpublished={\url{https://spaces.ac.cn/archives/8847}},
        note={2022-01-06}
}
@inproceedings{lu2016visual,
  title={Visual relationship detection with language priors},
  author={Lu, Cewu and Krishna, Ranjay and Bernstein, Michael and Fei-Fei, Li},
  booktitle={ECCV},
  pages={852--869},
  year={2016},
  organization={Springer}
}
@inproceedings{chen2013neil,
  title={Neil: Extracting visual knowledge from web data},
  author={Chen, Xinlei and Shrivastava, Abhinav and Gupta, Abhinav},
  booktitle={ICCV},
  pages={1409--1416},
  year={2013}
}
@inproceedings{farhadi2009describing,
  title={Describing objects by their attributes},
  author={Farhadi, Ali and Endres, Ian and Hoiem, Derek and Forsyth, David},
  booktitle={CVPR},
  pages={1778--1785},
  year={2009},
  organization={IEEE}
}
@inproceedings{liu2015deep,
  title={Deep learning face attributes in the wild},
  author={Liu, Ziwei and Luo, Ping and Wang, Xiaogang and Tang, Xiaoou},
  booktitle={ICCV},
  pages={3730--3738},
  year={2015}
}
@article{chen2020learning,
  title={Learning to infer unseen attribute-object compositions},
  author={Chen, Hui and Nan, Zhixiong and Jiang, Jingjing and Zheng, Nanning},
  journal={arXiv preprint arXiv:2010.14343},
  year={2020}
}
@inproceedings{lee2017learning,
  title={Learning grassmann manifolds for object state discovery},
  author={Lee, Hao-Wei and Wei, Chia-Po and Wang, Yu-Chiang Frank},
  booktitle={ICASSP},
  pages={1223--1227},
  year={2017},
  organization={IEEE}
}
@inproceedings{nan2019recognizing,
  title={Recognizing unseen attribute-object pair with generative model},
  author={Nan, Zhixiong and Liu, Yang and Zheng, Nanning and Zhu, Song-Chun},
  booktitle={AAAI},
  volume={33},
  number={01},
  pages={8811--8818},
  year={2019}
}
@inproceedings{parikh2011relative,
  title={Relative attributes},
  author={Parikh, Devi and Grauman, Kristen},
  booktitle={ICCV},
  pages={503--510},
  year={2011},
  organization={IEEE}
}
@inproceedings{glove,
  title={Glove: Global vectors for word representation},
  author={Pennington, Jeffrey and Socher, Richard and Manning, Christopher D},
  booktitle={EMNLP},
  pages={1532--1543},
  year={2014}
}
@article{fasttext,
  title={Enriching word vectors with subword information},
  author={Bojanowski, Piotr and Grave, Edouard and Joulin, Armand and Mikolov, Tomas},
  journal={Transactions of the association for computational linguistics},
  volume={5},
  pages={135--146},
  year={2017},
  publisher={MIT Press}
}
@phdthesis{human_ability1,
  title={Towards more human-like concept learning in machines: Compositionality, causality, and learning-to-learn},
  author={Lake, Brenden M},
  year={2014},
  school={Massachusetts Institute of Technology}
}
@article{human_ability2,
  title={Building machines that learn and think like people},
  author={Lake, Brenden M and Ullman, Tomer D and Tenenbaum, Joshua B and Gershman, Samuel J},
  journal={Behavioral and brain sciences},
  volume={40},
  pages={e253},
  year={2017},
  publisher={Cambridge University Press}
}
@inproceedings{human_ability3,
  title={Learning to Compose Neural Networks for Question Answering},
  author={Andreas, Jacob and Rohrbach, Marcus and Darrell, Trevor and Klein, Dan},
  booktitle={NAACL},
  pages={1545--1554},
  year={2016}
}
@book{Physical1,
  title={Principles of optics: electromagnetic theory of propagation, interference and diffraction of light},
  author={Born, Max and Wolf, Emil},
  year={2013},
  publisher={Elsevier}
}
@book{Physical2,
  title={Mathematical foundations of quantum mechanics: New edition},
  author={Von Neumann, John},
  volume={53},
  year={2018},
  publisher={Princeton university press}
}
@article{Physical3,
  title={Space-time approach to non-relativistic quantum mechanics},
  author={Feynman, Richard Phillips},
  journal={Reviews of modern physics},
  volume={20},
  number={2},
  pages={367},
  year={1948},
  publisher={APS}
}
@book{besse1978manifolds,
  title={Manifolds all of whose geodesics are closed},
  author={Besse, Arthur L},
  volume={93},
  year={1978},
  publisher={Springer Science \& Business Media}
}
@book{born2013principles,
  title={Principles of optics: electromagnetic theory of propagation, interference and diffraction of light},
  author={Born, Max and Wolf, Emil},
  year={2013},
  publisher={Elsevier}
}
@book{griffiths2014principles,
  title={Principles of algebraic geometry},
  author={Griffiths, Phillip and Harris, Joseph},
  year={2014},
  publisher={John Wiley \& Sons}
}
@book{kempf2006toroidal,
  title={Toroidal embeddings 1},
  author={Kempf, George and Knudsen, Finn and Mumford, David and Saint-Donat, Bernard},
  volume={339},
  year={2006},
  publisher={Springer}
}
@article{aspinwall1993monomial,
  title={The monomial-divisor mirror map},
  author={Aspinwall, Paul S and Greene, Brian R and Morrison, David R},
  journal={arXiv preprint alg-geom/9309007},
  year={1993}
}
@article{bonelli1998matrix,
  title={Matrix string theory, 2D SYM instantons and affine Toda systems},
  author={Bonelli, G and Bonora, L and Nesti, Fabrizio},
  journal={Physics Letters B},
  volume={435},
  number={3-4},
  pages={303--311},
  year={1998},
  publisher={Elsevier}
}
@book{cox2011toric,
  title={Toric varieties},
  author={Cox, David A and Little, John B and Schenck, Henry K},
  volume={124},
  year={2011},
  publisher={American Mathematical Soc.}
}
@inproceedings{wu2022metric,
  title={Metric Learning on Complex Projective Spaces},
  author={Wu, Yujin and Daoudi, Mohamed},
  booktitle={Smart Multimedia: Third International Conference, ICSM 2022, Marseille, France, August 25--27, 2022, Revised Selected Papers},
  pages={116--127},
  year={2022},
  organization={Springer}
}
@book{fubini1904sulle,
  title={Sulle metriche definite da una forma hermitiana: nota},
  author={Fubini, Guido},
  year={1904},
  publisher={Office graf. C. Ferrari}
}
@article{mondal2015generalized,
  title={Generalized Fubini-Study Metric and Fisher Information Metric},
  author={Mondal, Debasis},
  journal={arXiv preprint arXiv:1503.04146},
  year={2015}
}
@inproceedings{frome2013devise,
	title={Devise: A deep visual-semantic embedding model},
	author={Frome, Andrea and Corrado, Greg and Shlens, Jonathon and Bengio, Samy and Dean, Jeffrey and Ranzato, Marc’Aurelio and Mikolov, Tomas},
	booktitle={NeurIPS},
	pages={2121–2129},
	year={2013}
}
@inproceedings{akata2015evaluation,
	title={Evaluation of output embeddings for fine-grained image classification},
	author={Akata, Zeynep and Reed, Scott and Walter, Daniel and Lee, Honglak and Schiele, Bernt},
	booktitle={CVPR},
	pages={2927--2936},
	year={2015}
}
@article{paz2020zest,
  title={Zest: Zero-shot learning from text descriptions using textual similarity and visual summarization},
  author={Paz-Argaman, Tzuf and Atzmon, Yuval and Chechik, Gal and Tsarfaty, Reut},
  journal={arXiv preprint arXiv:2010.03276},
  year={2020}
}
@article{cdb2022,
  title={Zero-shot logit adjustment},
  author={Chen, Dubing and Shen, Yuming and Zhang, Haofeng and Torr, Philip HS},
  journal={arXiv preprint arXiv:2204.11822},
  year={2022}
}
@inproceedings{zxj2022,
  title={Boosting Generative Zero-Shot Learning by Synthesizing Diverse Features with Attribute Augmentation},
  author={Zhao, Xiaojie and Shen, Yuming and Wang, Shidong and Zhang, Haofeng},
  booktitle={AAAI},
  volume={36},
  number={3},
  pages={3454--3462},
  year={2022}
}
@inproceedings{xu2020attribute,
  title={Attribute prototype network for zero-shot learning},
  author={Xu, Wenjia and Xian, Yongqin and Wang, Jiuniu and Schiele, Bernt and Akata, Zeynep},
  booktitle={NeurIPS},
  pages={21969--21980},
  year={2020}
}
@inproceedings{radford2021learning,
  title={Learning transferable visual models from natural language supervision},
  author={Radford, Alec and Kim, Jong Wook and Hallacy, Chris and Ramesh, Aditya and Goh, Gabriel and Agarwal, Sandhini and Sastry, Girish and Askell, Amanda and Mishkin, Pamela and Clark, Jack and others},
  booktitle={ICML},
  pages={8748--8763},
  year={2021},
  organization={PMLR}
}
@inproceedings{ramesh2021zero,
  title={Zero-shot text-to-image generation},
  author={Ramesh, Aditya and Pavlov, Mikhail and Goh, Gabriel and Gray, Scott and Voss, Chelsea and Radford, Alec and Chen, Mark and Sutskever, Ilya},
  booktitle={ICML},
  pages={8821--8831},
  year={2021},
  organization={PMLR}
}
@inproceedings{karthik2022kg,
  title={Kg-sp: Knowledge guided simple primitives for open world compositional zero-shot learning},
  author={Karthik, Shyamgopal and Mancini, Massimiliano and Akata, Zeynep},
  booktitle={CVPR},
  pages={9336--9345},
  year={2022}
}
@article{yang2022decomposable,
  title={A decomposable causal view of compositional zero-shot learning},
  author={Yang, Muli and Xu, Chenghao and Wu, Aming and Deng, Cheng},
  journal={IEEE Transactions on Multimedia},
  year={2022},
  publisher={IEEE}
}
@inproceedings{zeiler2014visualizing,
  title={Visualizing and understanding convolutional networks},
  author={Zeiler, Matthew D and Fergus, Rob},
  booktitle={ECCV},
  pages={818--833},
  year={2014},
  organization={Springer}
}
@article{lecun1989backpropagation,
  title={Backpropagation applied to handwritten zip code recognition},
  author={LeCun, Yann and Boser, Bernhard and Denker, John S and Henderson, Donnie and Howard, Richard E and Hubbard, Wayne and Jackel, Lawrence D},
  journal={Neural computation},
  volume={1},
  number={4},
  pages={541--551},
  year={1989},
  publisher={MIT Press}
}
@article{ommer2009learning,
  title={Learning the compositional nature of visual object categories for recognition},
  author={Ommer, Bjorn and Buhmann, Joachim},
  journal={PAMI},
  volume={32},
  number={3},
  pages={501--516},
  year={2009},
  publisher={IEEE}
}
@inproceedings{ommer2007learning,
  title={Learning the compositional nature of visual objects},
  author={Ommer, Bjorn and Buhmann, Joachim M},
  booktitle={CVPR},
  pages={1--8},
  year={2007},
  organization={IEEE}
}
@article{ordonez2011im2text,
  title={Im2text: Describing images using 1 million captioned photographs},
  author={Ordonez, Vicente and Kulkarni, Girish and Berg, Tamara},
  journal={NeurIPS},
  volume={24},
  year={2011}
}
@inproceedings{vinyals2015show,
  title={Show and tell: A neural image caption generator},
  author={Vinyals, Oriol and Toshev, Alexander and Bengio, Samy and Erhan, Dumitru},
  booktitle={CVPR},
  pages={3156--3164},
  year={2015}
}
@inproceedings{anderson2018bottom,
  title={Bottom-up and top-down attention for image captioning and visual question answering},
  author={Anderson, Peter and He, Xiaodong and Buehler, Chris and Teney, Damien and Johnson, Mark and Gould, Stephen and Zhang, Lei},
  booktitle={CVPR},
  pages={6077--6086},
  year={2018}
}
@inproceedings{malinowski2018learning,
  title={Learning visual question answering by bootstrapping hard attention},
  author={Malinowski, Mateusz and Doersch, Carl and Santoro, Adam and Battaglia, Peter},
  booktitle={ECCV},
  pages={3--20},
  year={2018}
}
@inproceedings{li2022blip,
  title={Blip: Bootstrapping language-image pre-training for unified vision-language understanding and generation},
  author={Li, Junnan and Li, Dongxu and Xiong, Caiming and Hoi, Steven},
  booktitle={ICML},
  pages={12888--12900},
  year={2022},
  organization={PMLR}
}
@article{calibration,
  title={Generalized zero-shot learning with deep calibration network},
  author={Liu, Shichen and Long, Mingsheng and Wang, Jianmin and Jordan, Michael I},
  journal={NeurIPS},
  volume={31},
  year={2018}
}
@article{zhang2020pseudo,
  title={Pseudo distribution on unseen classes for generalized zero shot learning},
  author={Zhang, Haofeng and Liu, Jingren and Yao, Yazhou and Long, Yang},
  journal={Pattern Recognition Letters},
  volume={135},
  pages={451--458},
  year={2020},
  publisher={Elsevier}
}
@article{hou2019cross,
  title={Cross attention network for few-shot classification},
  author={Hou, Ruibing and Chang, Hong and Ma, Bingpeng and Shan, Shiguang and Chen, Xilin},
  journal={NeurIPS},
  volume={32},
  year={2019}
}
@inproceedings{wang2023learning,
  title={Learning Conditional Attributes for Compositional Zero-Shot Learning},
  author={Wang, Qingsheng and Liu, Lingqiao and Jing, Chenchen and Chen, Hao and Liang, Guoqiang and Wang, Peng and Shen, Chunhua},
  booktitle={CVPR},
  pages={11197--11206},
  year={2023}
}

@article{menon2020long,
  title={Long-tail learning via logit adjustment},
  author={Menon, Aditya Krishna and Jayasumana, Sadeep and Rawat, Ankit Singh and Jain, Himanshu and Veit, Andreas and Kumar, Sanjiv},
  journal={arXiv preprint arXiv:2007.07314},
  year={2020}
}

@misc{kexuefm-7615,
        title={Mitigating class imbalances through mutual information ideology},
        author={Jianlin Su},
        year={2020},
        month={Jul},
        howpublished={\url{https://spaces.ac.cn/archives/7615}},
        note="Accessed: 2020-07-19",
} 
@article{kraskov2004estimating,
  title={Estimating mutual information},
  author={Kraskov, Alexander and St{\"o}gbauer, Harald and Grassberger, Peter},
  journal={Physical review E},
  volume={69},
  number={6},
  pages={066138},
  year={2004},
  publisher={APS}
}
@article{chen2022zero,
  title={Zero-shot logit adjustment},
  author={Chen, Dubing and Shen, Yuming and Zhang, Haofeng and Torr, Philip HS},
  journal={arXiv preprint arXiv:2204.11822},
  year={2022}
}
@article{johnson2019survey,
  title={Survey on deep learning with class imbalance},
  author={Johnson, Justin M and Khoshgoftaar, Taghi M},
  journal={Journal of Big Data},
  volume={6},
  number={1},
  pages={1--54},
  year={2019},
  publisher={Springer}
}
@article{japkowicz2002class,
  title={The class imbalance problem: A systematic study},
  author={Japkowicz, Nathalie and Stephen, Shaju},
  journal={Intelligent data analysis},
  volume={6},
  number={5},
  pages={429--449},
  year={2002},
  publisher={IOS Press}
}
@article{jiang2022mutual,
  title={Mutual Balancing in State-Object Components for Compositional Zero-Shot Learning},
  author={Jiang, Chenyi and Chen, Dubing and Wang, Shidong and Shen, Yuming and Zhang, Haofeng and Shao, Ling},
  journal={arXiv preprint arXiv:2211.10647},
  year={2022}
}

@article{dropout,
  title={Dropout: a simple way to prevent neural networks from overfitting},
  author={Srivastava, Nitish and Hinton, Geoffrey and Krizhevsky, Alex and Sutskever, Ilya and Salakhutdinov, Ruslan},
  journal={JMLR},
  volume={15},
  number={1},
  pages={1929--1958},
  year={2014},
  publisher={JMLR. org}
}

@article{importancesampling,
  title={Annealed importance sampling},
  author={Neal, Radford M},
  journal={Statistics and computing},
  volume={11},
  pages={125--139},
  year={2001},
  publisher={Springer}
}
@article{csp,
  title={Learning to compose soft prompts for compositional zero-shot learning},
  author={Nayak, Nihal V and Yu, Peilin and Bach, Stephen H},
  journal={arXiv preprint arXiv:2204.03574},
  year={2022}
}
@inproceedings{dfsp,
  title={Decomposed soft prompt guided fusion enhancing for compositional zero-shot learning},
  author={Lu, Xiaocheng and Guo, Song and Liu, Ziming and Guo, Jingcai},
  booktitle={CVPR},
  pages={23560--23569},
  year={2023}
}
@inproceedings{clip,
  title={Learning transferable visual models from natural language supervision},
  author={Radford, Alec and Kim, Jong Wook and Hallacy, Chris and Ramesh, Aditya and Goh, Gabriel and Agarwal, Sandhini and Sastry, Girish and Askell, Amanda and Mishkin, Pamela and Clark, Jack and others},
  booktitle={ICML},
  pages={8748--8763},
  year={2021},
  organization={PMLR}
}
@article{long1,
  title={DBSMOTE: density-based synthetic minority over-sampling technique},
  author={Bunkhumpornpat, Chumphol and Sinapiromsaran, Krung and Lursinsap, Chidchanok},
  journal={Applied Intelligence},
  volume={36},
  pages={664--684},
  year={2012},
  publisher={Springer}
}
@inproceedings{focal,
  title={Focal loss for dense object detection},
  author={Lin, Tsung-Yi and Goyal, Priya and Girshick, Ross and He, Kaiming and Doll{\'a}r, Piotr},
  booktitle={CVPR},
  pages={2980--2988},
  year={2017}
}
@inproceedings{long3,
  title={Large-scale long-tailed recognition in an open world},
  author={Liu, Ziwei and Miao, Zhongqi and Zhan, Xiaohang and Wang, Jiayun and Gong, Boqing and Yu, Stella X},
  booktitle={CVPR},
  pages={2537--2546},
  year={2019}
}
@inproceedings{tang2020unbiased,
  title={Unbiased scene graph generation from biased training},
  author={Tang, Kaihua and Niu, Yulei and Huang, Jianqiang and Shi, Jiaxin and Zhang, Hanwang},
  booktitle={CVPR},
  pages={3716--3725},
  year={2020}
}
@inproceedings{kim2020detecting,
  title={Detecting human-object interactions with action co-occurrence priors},
  author={Kim, Dong-Jin and Sun, Xiao and Choi, Jinsoo and Lin, Stephen and Kweon, In So},
  booktitle={ECCV},
  pages={718--736},
  year={2020},
  organization={Springer}
}
@inproceedings{hou2021detecting,
  title={Detecting human-object interaction via fabricated compositional learning},
  author={Hou, Zhi and Yu, Baosheng and Qiao, Yu and Peng, Xiaojiang and Tao, Dacheng},
  booktitle={CVPR},
  pages={14646--14655},
  year={2021}
}