@article{levinger2020human,
  title={Human satisfaction as the ultimate goal in ridesharing},
  author={Levinger, Chaya and Hazon, Noam and Azaria, Amos},
  journal={Future Generation Computer Systems},
  volume={112},
  pages={176--184},
  year={2020},
  publisher={Elsevier}
}

@inproceedings{levinger2022social,
  title={Social Aware Assignment of Passengers in Ridesharing (Student Abstract)},
  author={Levinger, Chaya and Hazon, Noam and Azaria, Amos},
  booktitle={Proceedings of the AAAI Conference on Artificial Intelligence},
  volume={36},
  number={11},
  pages={12995--12996},
  year={2022}
}

@inproceedings{schleibaum2020did,
  title={How Did You Like This Ride? An Analysis of User Preferences in Ridesharing Assignments.},
  author={Schleibaum, S{\"o}ren and Greve, Maike and Lembcke, Tim-Benjamin and Azaria, Amos and Fiosina, Jelena and Hazon, Noam and Kolbe, Lutz M and Kraus, Sarit and M{\"u}ller, J{\"o}rg P and Vollrath, Mark},
  booktitle={VEHITS},
  pages={157--168},
  year={2020}
}

@article{sless2018forming,
  title={Forming k coalitions and facilitating relationships in social networks},
  author={Sless, Liat and Hazon, Noam and Kraus, Sarit and Wooldridge, Michael},
  journal={Artificial Intelligence},
  volume={259},
  pages={217--245},
  year={2018},
  publisher={Elsevier}
}

@article{wright2015mechanism, 
    title={Mechanism Design for Team Formation},
    author={Wright, Mason and Vorobeychik, Yevgeniy},
    volume={29}, 
    url={https://ojs.aaai.org/index.php/AAAI/article/view/9326}, 
    number={1}, 
    journal={Proceedings of the AAAI Conference on Artificial Intelligence},  
    pages = {1050--1056},
    year={2015}, 
    month={Feb.} 
 }

@article{gamson1961theory,
  title={A theory of coalition formation},
  author={Gamson, William A},
  journal={American sociological review},
  pages={373--382},
  year={1961},
  publisher={JSTOR}
}

@article{popescu2020approximation,
  title={Approximation of the Shapley value for the Euclidean travelling salesman game},
  author={Popescu, Dan C and Kilby, Philip},
  journal={Annals of Operations Research},
  pages={1--22},
  year={2020},
  publisher={Springer}
}

@article{dantzig1959truck,
author = {G. B. Dantzig and J. H. Ramser},
title = {The Truck Dispatching Problem},
journal = {Management Science},
volume = {6},
number = {1},
pages = {80-91},
year = {1959}
}

@article{castro2009polynomial,
  title={Polynomial calculation of the Shapley value based on sampling},
  author={Castro, Javier and G{\'o}mez, Daniel and Tejada, Juan},
  journal={Computers \& Operations Research},
  volume={36},
  number={5},
  pages={1726--1730},
  year={2009},
  publisher={Elsevier}
}

@techreport{mann1962values,
  title={Values of large games. 6: Evaluating the electoral college exactly},
  author={Mann, Irwin and Shapley, Lloyd S},
  year={1962},
  institution={RAND CORP SANTA MONICA CA}
}

@article{aziz2016study,
  title={A study of proxies for {S}hapley allocations of transport costs},
  author={Aziz, Haris and Cahan, Casey and Gretton, Charles and Kilby, Philip and Mattei, Nicholas and Walsh, Toby},
  journal={Journal of Artificial Intelligence Research},
  volume={56},
  pages={573--611},
  year={2016}
}

@article{winter2002shapley,
  title={The {S}hapley value},
  author={Winter, Eyal},
  journal={Handbook of game theory with economic applications},
  volume={3},
  pages={2025--2054},
  year={2002},
  publisher={Elsevier}
}

@article{shapley1953value,
  title={A value for n-person games},
  author={Shapley, Lloyd S},
  journal={Contributions to the Theory of Games},
  volume={2},
  number={28},
  pages={307--317},
  year={1953}
}

@article{vickrey1961counterspeculation,
  title={Counterspeculation, auctions, and competitive sealed tenders},
  author={Vickrey, William},
  journal={The Journal of finance},
  volume={16},
  number={1},
  pages={8--37},
  year={1961},
  publisher={Wiley Online Library}
}

@article{clarke1971multipart,
  title={Multipart pricing of public goods},
  author={Clarke, Edward H},
  journal={Public choice},
  volume={11},
  number={1},
  pages={17--33},
  year={1971},
  publisher={Springer}
}

@article{groves1973incentives,
  title={Incentives in teams},
  author={Groves, Theodore},
  journal={Econometrica},
  volume={41},
  number={4},
  pages={617--631},
  year={1973}
}

@misc{uberCommision2016,
  author="Christian Perea",
  title={Whatâ€™s The Real Commission That Uber Takes From Its Drivers?},
  howpublished = "https://therideshareguy.com/whats-the-real-commission -that-uber-takes-from-its-drivers-infographic/",
  year={2016}
}

@techreport{santos2011summary,
  title={Summary of travel trends: 2009 national household travel survey},
  author={Santos, Adella and McGuckin, Nancy and Nakamoto, Hikari Yukiko and Gray, Danielle and Liss, Susan},
  year={2011},
  institution = {U.S Department of Transportation, Federal Highway Administration}
}

@article{yengin2012characterizing,
  title={Characterizing the Shapley value in fixed-route traveling salesman problems with appointments},
  author={Yengin, Duygu},
  journal={International Journal of Game Theory},
  volume={41},
  number={2},
  pages={271--299},
  year={2012},
  publisher={Springer}
}

@article{potters1992traveling,
  title={Traveling salesman games},
  author={Potters, Jos AM and Curiel, Imma J and Tijs, Stef H},
  journal={Mathematical Programming},
  volume={53},
  number={1-3},
  pages={199--211},
  year={1992},
  publisher={Springer}
}

@Article{Dijkstra1959,
author="Dijkstra, E. W.",
title="A note on two problems in connexion with graphs",
journal="Numerische Mathematik",
year="1959",
volume="1",
number="1",
pages="269--271"
}

@article{michalak2013efficient,
  title={Efficient computation of the {S}hapley value for game-theoretic network centrality},
  author={Michalak, Tomasz P and Aadithya, Karthik V and Szczepanski, Piotr L and Ravindran, Balaraman and Jennings, Nicholas R},
  journal={Journal of Artificial Intelligence Research},
  volume={46},
  pages={607--650},
  year={2013}
}

@article{moulin2001strategyproof,
  title={Strategyproof sharing of submodular costs: budget balance versus efficiency},
  author={Moulin, Herv{\'e} and Shenker, Scott},
  journal={Economic Theory},
  volume={18},
  number={3},
  pages={511--533},
  year={2001},
  publisher={Springer}
}

@article{littlechild1973simple,
  title={A simple expression for the Shapley value in a special case},
  author={Littlechild, Stephen C and Owen, Guillermo},
  journal={Management Science},
  volume={20},
  number={3},
  pages={370--372},
  year={1973},
  publisher={INFORMS}
}

@inproceedings{kamar2009collaboration,
  title={Collaboration and shared plans in the open world: Studies of ridesharing},
  author={Kamar, Ece and Horvitz, Eric},
  booktitle={Proceedings of the 21st International Joint Conference on Artificial Intelligence},
  pages = {187--194},
  year={2009}
}

@inproceedings{kleiner2011mechanism,
  title={A mechanism for dynamic ride sharing based on parallel auctions},
  author={Kleiner, Alexander and Nebel, Bernhard and Ziparo, Vittorio Amos},
  booktitle={Proceedings of the 22nd International Joint Conference on Artificial Intelligence},
  pages = {266--272},
  year={2011}
}

@article{frisk2010cost,
  title={Cost allocation in collaborative forest transportation},
  author={Frisk, Mikael and G{\"o}the-Lundgren, Maud and J{\"o}rnsten, Kurt and R{\"o}nnqvist, Mikael},
  journal={European Journal of Operational Research},
  volume={205},
  number={2},
  pages={448--458},
  year={2010}
}

@article{tijs1986game,
 author = {S. H. Tijs and T. S. H. Driessen},
 journal = {Management Science},
 number = {8},
 pages = {1015--1028},
 title = {Game Theory and Cost Allocation Problems},
 volume = {32},
 year = {1986}
}

@article{besozzi2014traveling,
  title={The traveling salesman game for cost allocation: The case study of the bus service in castellanza},
  author={Besozzi, Nicola and Ruschetti, Luca and Rossignoli, Chiara and Strozzi, Fernanda},
  journal={Game theory},
  volume={2014},
  year={2014}
}

@article{ozener2008allocating,
  title={Allocating costs in a collaborative transportation procurement network},
  author={{\"O}zener, Okan {\"O}rsan and Ergun, {\"O}zlem},
  journal={Transportation Science},
  volume={42},
  number={2},
  pages={146--165},
  year={2008}
}

@inproceedings{bistaffa2015recommending,
  title={Recommending fair payments for large-scale social ridesharing},
  author={Bistaffa, Filippo and Farinelli, Alessandro and Chalkiadakis, Georgios and Ramchurn, Sarvapali D},
  booktitle={Proceedings of the 9th ACM Conference on Recommender Systems},
  pages={139--146},
  year={2015}
}

@article{guajardo2016review,
  title={A review on cost allocation methods in collaborative transportation},
  author={Guajardo, Mario and R{\"o}nnqvist, Mikael},
  journal={International transactions in operational research},
  volume={23},
  number={3},
  pages={371--392},
  year={2016}
}

@Article{Fiestras-Janeiro2012,
author="Fiestras-Janeiro, M. G.
and Garc{\'i}a-Jurado, I.
and Meca, A.
and Mosquera, M. A.",
title="Cost allocation in inventory transportation systems",
journal="TOP",
year="2012",
volume="20",
number="2",
pages="397--410"
}

@article{ozener2014developing,
  title={Developing a collaborative planning framework for sustainable transportation},
  author={{\"O}zener, Okan {\"O}rsan},
  journal={Mathematical Problems in Engineering},
  year={2014}
}

@article{vanovermeire2014horizontal,
  title={Horizontal logistics collaboration: decreasing costs through flexibility and an adequate cost allocation strategy},
  author={Vanovermeire, Christine and S{\"o}rensen, Kenneth and Van Breedam, Alex and Vannieuwenhuyse, Bart and Verstrepen, Sven},
  journal={International Journal of Logistics Research and Applications},
  volume={17},
  number={4},
  pages={339--355},
  year={2014}
}

@article{sun2015transportation,
  title={Transportation cost allocation on a fixed route},
  author={Sun, Lei and Rangarajan, Atul and Karwan, Mark H and Pinto, Jose M},
  journal={Computers \& Industrial Engineering},
  volume={83},
  pages={61--73},
  year={2015}
}

@article {Alonso-Mora462,
	author = {Alonso-Mora, Javier and Samaranayake, Samitha and Wallar, Alex and Frazzoli, Emilio and Rus, Daniela},
	title = {On-demand high-capacity ride-sharing via dynamic trip-vehicle assignment},
	volume = {114},
	number = {3},
	pages = {462--467},
	year = {2017},
	journal = {Proceedings of the National Academy of Sciences}
}

@article{psaraftis2016dynamic,
  title={Dynamic vehicle routing problems: Three decades and counting},
  author={Psaraftis, Harilaos N and Wen, Min and Kontovas, Christos A},
  journal={Networks},
  volume={67},
  number={1},
  pages={3--31},
  year={2016}
}

@Article{molenbruch2017,
author="Molenbruch, Yves and Braekers, Kris and Caris, An",
title="Typology and literature review for dial-a-ride problems",
journal="Annals of Operations Research",
year="2017"
}

@inproceedings{cheng2014mechanisms,
  title={Mechanisms for arranging ride sharing and fare splitting for last-mile travel demands},
  author={Cheng, Shih-Fen and Nguyen, Duc Thien and Lau, Hoong Chuin},
  booktitle={Proceedings of the 13th International Conference on Autonomous Agents and Multi-agent Systems},
  pages={1505--1506},
  year={2014}
}

@article{fishburn1983fixed,
  title={Fixed-route cost allocation},
  author={Fishburn, PC and Pollak, HO},
  journal={The American Mathematical Monthly},
  volume={90},
  number={6},
  pages={366--378},
  year={1983}
}

@inproceedings{zhao2014incentives,
  title={Incentives in ridesharing with deficit control},
  author={Zhao, Dengji and Zhang, Dongmo and Gerding, Enrico H and Sakurai, Yuko and Yokoo, Makoto},
  booktitle={Proceedings of the 13th International Conference on Autonomous Agents and Multi-agent systems},
  pages={1021--1028},
  year={2014}
}

@techreport{di2004np,
  title={Np-complete problem: Partition into triangles},
  author={di Complessita, Corso and Rizzi, Romeo},
  year={2004},
  institution={Technical Report}
}

@article{edmons1965paths,
  title={Paths, trees, and flowers},
  author={Edmons, E},
  journal={Canad. J. Math},
  volume={17},
  pages={449--467},
  year={1965}
}

@article{chalkiadakis2011computational,
  title={Computational aspects of cooperative game theory},
  author={Chalkiadakis, Georgios and Elkind, Edith and Wooldridge, Michael},
  journal={Synthesis Lectures on Artificial Intelligence and Machine Learning},
  volume={5},
  number={6},
  pages={1--168},
  year={2011},
  publisher={Morgan \& Claypool Publishers}
}

@article{10.2307/3615890,
 ISSN = {00255572},
 URL = {http://www.jstor.org/stable/3615890},
 author = {E. R. Love},
 journal = {The Mathematical Gazette},
 number = {427},
 pages = {55--57},
 publisher = {Mathematical Association},
 title = {64.4 Some Logarithm Inequalities},
 volume = {64},
 year = {1980}
}

@book{garey1979computers,
  title={Computers and intractability},
  author={Garey, Michael R and Johnson, David S},
  volume={174},
  year={1979},
  publisher={freeman San Francisco}
}

@Article{parragh2008a,
author="Parragh, Sophie N. and Doerner, Karl F. and Hartl, Richard F.",
title="A survey on pickup and delivery problems. Part {I}: Transportation between customers and depot",
journal="Journal f{\"u}r Betriebswirtschaft",
year="2008",
volume="58",
number="1",
pages="21--51"
}

@Article{parragh2008b,
author="Parragh, Sophie N. and Doerner, Karl F. and Hartl, Richard F.",
title="A survey on pickup and delivery problems. Part {II}: Transportation between pickup and delivery locations",
journal="Journal f{\"u}r Betriebswirtschaft",
year="2008",
volume="58",
number="1",
pages="81--117"
}

@article{cordeau2003tabu,
  title={A tabu search heuristic for the static multi-vehicle dial-a-ride problem},
  author={Cordeau, Jean-Fran{\c{c}}ois and Laporte, Gilbert},
  journal={Transportation Research Part B: Methodological},
  volume={37},
  number={6},
  pages={579--594},
  year={2003},
  publisher={Elsevier}
}

@article{agatz2012optimization,
  title={Optimization for dynamic ride-sharing: A review},
  author={Agatz, Niels and Erera, Alan and Savelsbergh, Martin and Wang, Xing},
  journal={European Journal of Operational Research},
  volume={223},
  number={2},
  pages={295--303},
  year={2012}
}

@inproceedings{montazery2016learning,
  title={Learning User Preferences in Matching for Ridesharing.},
  author={Montazery, Mojtaba and Wilson, Nic},
  booktitle={ICAART (2)},
  pages={63--73},
  year={2016}
}

@article{flammini2021online,
  title={On the Online Coalition Structure Generation Problem},
  author={Flammini, Michele and Monaco, Gianpiero and Moscardelli, Luca and Shalom, Mordechai and Zaks, Shmuel},
  journal={Journal of Artificial Intelligence Research},
  volume={72},
  pages={1215--1250},
  year={2021}
}

@inproceedings{guidotti2015social,
  title={Social or green? a data-driven approach for more enjoyable carpooling},
  author={Guidotti, Riccardo and Sassi, Andrea and Berlingerio, Michele and Pascale, Alessandra and Ghaddar, Bissan},
  booktitle={Intelligent Transportation Systems (ITSC), 2015 IEEE 18th International Conference on},
  pages={842--847},
  year={2015},
  organization={IEEE}
}

@article{AZIZ2013316,
title = {Computing desirable partitions in additively separable hedonic games},
journal = {Artificial Intelligence},
volume = {195},
pages = {316-334},
year = {2013},
author = {Haris Aziz and Felix Brandt and Hans Georg Seedig},
}

@article{dreze1980hedonic,
  title={Hedonic coalitions: Optimality and stability},
  author={Dreze, Jacques H and Greenberg, Joseph},
  journal={Econometrica: Journal of the Econometric Society},
  pages={987--1003},
  year={1980},
  publisher={JSTOR}
}

@article{banerjee2001core,
  title={Core in a simple coalition formation game},
  author={Banerjee, Suryapratim and Konishi, Hideo and S{\"o}nmez, Tayfun},
  journal={Social Choice and Welfare},
  volume={18},
  number={1},
  pages={135--153},
  year={2001},
  publisher={Springer}
}

@article{bogomolnaia2002stability,
  title={The stability of hedonic coalition structures},
  author={Bogomolnaia, Anna and Jackson, Matthew O},
  journal={Games and Economic Behavior},
  volume={38},
  number={2},
  pages={201--230},
  year={2002},
  publisher={Elsevier}
}

@article{cechlarova2001stability,
  title={Stability in coalition formation games},
  author={Cechl{\'a}rov{\'a}, Katar{\i} and Romero-Medina, Antonio and others},
  journal={International Journal of Game Theory},
  volume={29},
  number={4},
  pages={487--494},
  year={2001},
  publisher={Springer}
}

@incollection{aziz2016hedonic,
	author={Aziz, Haris and Savani, Rahul and Moulin, HervÃ©},
	editor    = {Felix Brandt and
	Vincent Conitzer and
	Ulle Endriss and
	J{\'{e}}r{\^{o}}me Lang and
	Ariel D. Procaccia},
	title     = {Hedonic Games},
	booktitle = {Handbook of Computational Social Choice},
	pages     = {356--376},
	year      = {2016},
	publisher = {Cambridge University Press}
}

@article{aziz2013computing,
  title={Computing desirable partitions in additively separable hedonic games},
  author={Aziz, Haris and Brandt, Felix and Seedig, Hans Georg},
  journal={Artificial Intelligence},
  volume={195},
  pages={316--334},
  year={2013},
  publisher={Elsevier}
}

@article{deng1994complexity,
  title={On the complexity of cooperative solution concepts},
  author={Deng, Xiaotie and Papadimitriou, Christos H},
  journal={Mathematics of operations research},
  volume={19},
  number={2},
  pages={257--266},
  year={1994},
  publisher={INFORMS}
}

@article{ballester2004np,
  title={NP-completeness in hedonic games},
  author={Ballester, Coralio},
  journal={Games and Economic Behavior},
  volume={49},
  number={1},
  pages={1--30},
  year={2004},
  publisher={Elsevier}
}

@article{sung2010computational,
  title={Computational complexity in additive hedonic games},
  author={Sung, Shao-Chin and Dimitrov, Dinko},
  journal={European Journal of Operational Research},
  volume={203},
  number={3},
  pages={635--639},
  year={2010},
  publisher={Elsevier}
}

@article{olsen2009nash,
  title={Nash stability in additively separable hedonic games and community structures},
  author={Olsen, Martin},
  journal={Theory of Computing Systems},
  volume={45},
  number={4},
  pages={917--925},
  year={2009},
  publisher={Springer}
}

@inproceedings{bilo2019optimality,
  title={Optimality and Nash stability in additively separable generalized group activity selection problems},
  author={Bil{\`o}, Vittorio and Fanelli, Angelo and Flammini, Michele and Monaco, Gianpiero and Moscardelli, Luca},
  booktitle={Proceedings of the 28th International Joint Conference on Artificial Intelligence},
  pages={102--108},
  year={2019}
}

@article{flammini2021strategyproof,
  title={Strategyproof mechanisms for additively separable and fractional hedonic games},
  author={Flammini, Michele and Kodric, Bojana and Monaco, Gianpiero and Zhang, Qiang},
  journal={Journal of Artificial Intelligence Research},
  volume={70},
  pages={1253--1279},
  year={2021}
}

@article{elkind2020price,
  title={Price of pareto optimality in hedonic games},
  author={Elkind, Edith and Fanelli, Angelo and Flammini, Michele},
  journal={Artificial Intelligence},
  volume={288},
  pages={103357},
  year={2020},
  publisher={Elsevier}
}

@inproceedings{peters2016complexity,
  title={Complexity of hedonic games with dichotomous preferences},
  author={Peters, Dominik},
  booktitle={Proceedings of the AAAI Conference on Artificial Intelligence},
  volume={30},
  number={1},
  year={2016}
}

@article{cseh2019pareto,
  title={Pareto optimal coalitions of fixed size},
  author={Cseh, {\'A}gnes and Fleiner, Tam{\'a}s and Harj{\'a}n, Petra},
  journal={arXiv preprint arXiv:1901.06737},
  year={2019}
}

@article{bilo2022hedonic,
  title={Hedonic Games with Fixed-Size Coalitions},
  volume={36}, 
  url={https://ojs.aaai.org/index.php/AAAI/article/view/21156}, 
  DOI={10.1609/aaai.v36i9.21156}, 
  author={BilÃ², Vittorio and Monaco, Gianpiero and Moscardelli, Luca},
  year={2022}, 
  month={Jun.}, 
  pages={9287-9295} 
}

@article{Bachrach2013,
  title={Optimal Coalition Structure Generation in Cooperative Graph Games},
  volume={27}, 
  url={https://ojs.aaai.org/index.php/AAAI/article/view/8653},
  DOI={10.1609/aaai.v27i1.8653},
  number={1}, 
  journal={Proceedings of the AAAI Conference on Artificial Intelligence}, 
  author={Bachrach, Yoram and Kohli, Pushmeet and Kolmogorov, Vladimir and Zadimoghaddam, Morteza}, 
  year={2013}, 
  month={Jun.}, 
  pages={81-87} 
}

@inproceedings{branzei2009coalitional,
  title={Coalitional affinity games},
  author={Br{\^a}nzei, Simina and Larson, Kate},
  booktitle={Proceedings of The 8th International Conference on Autonomous Agents and Multiagent Systems-Volume 2},
  pages={1319--1320},
  year={2009},
  organization={Citeseer}
}

@inproceedings{branzei2011social,
  title={Social distance games},
  author={Br{\^a}nzei, Simina and Larson, Kate},
  booktitle={Twenty-Second International Joint Conference on Artificial Intelligence},
  year={2011}
}

@inproceedings{bachrach2008coalitional,
  title={Coalitional skill games},
  author={Bachrach, Yoram and Rosenschein, Jeffrey S},
  booktitle={Proceedings of the 7th international joint conference on Autonomous agents and multiagent systems},
  pages={1023--1030},
  year={2008}
}