@inproceedings{Wang2017Group,
  title={Group Linguistic Bias Aware Neural Response Generation},
  author={Wang, Jianan and Wang, Xin and Li, Fang and Xu, Zhen and Wang, Zhuoran and Wang, Baoxun},
  booktitle={SIGHAN},
  year={2017},
}

@article{zhou2018design,
  title={The Design and Implementation of XiaoIce, an Empathetic Social Chatbot},
  author={Zhou, Li and Gao, Jianfeng and Li, Di and Shum, Heung-Yeung},
  journal={arXiv preprint arXiv:1812.08989},
  year={2018}
}

@article{ke2019sentilr,
  title={SentiLR: Linguistic Knowledge Enhanced Language Representation for Sentiment Analysis},
  author={Ke, Pei and Ji, Haozhe and Liu, Siyang and Zhu, Xiaoyan and Huang, Minlie},
  journal={arXiv preprint arXiv:1911.02493},
  year={2019}
}

@inproceedings{wang2018chat,
  title={Chat more: Deepening and widening the chatting topic via a deep model},
  author={Wang, Wenjie and Huang, Minlie and Xu, Xin-Shun and Shen, Fumin and Nie, Liqiang},
  booktitle={SIGIR},
  pages={255--264},
  year={2018},
}

@inproceedings{Zhou2018Commonsense,
  title={Commonsense Knowledge Aware Conversation Generation with Graph Attention},
  author={Zhou, Hao and Yang, Tom and Huang, Minlie and Zhao, Haizhou and Xu, Jingfang and Zhu, Xiaoyan},
  booktitle={IJCAI},
  year={2018}
}

@article{zheng2019Personal,
  title={Personalized Dialogue Generation with Diversified Traits},
  author={Zheng, Yinhe and Chen, Guanyi and Huang, Minlie and Liu, Song and Zhu, Xuan},
  journal={CoRR}, 
  volume={abs/1901.09672},
  year={2019}
}

@inproceedings{papineni-etal-2002-bleu,
    title = "{B}leu: a Method for Automatic Evaluation of Machine Translation",
    author = "Papineni, Kishore  and
      Roukos, Salim  and
      Ward, Todd  and
      Zhu, Wei-Jing",
    booktitle = "ACL",
    month = jul,
    year = "2002",
    url = "https://www.aclweb.org/anthology/P02-1040",
    doi = "10.3115/1073083.1073135",
    pages = "311--318",
}

@article{budzianowski2019hello,
  title={Hello, It's GPT-2--How Can I Help You? Towards the Use of Pretrained Language Models for Task-Oriented Dialogue Systems},
  author={Budzianowski, Pawe{\l} and Vuli{\'c}, Ivan},
  journal={CoRR},
  volume={abs/1907.05774},
  year={2019}
}

@inproceedings{peters-etal-2018-deep,
    title = "Deep Contextualized Word Representations",
    author = "Peters, Matthew  and
      Neumann, Mark  and
      Iyyer, Mohit  and
      Gardner, Matt  and
      Clark, Christopher  and
      Lee, Kenton  and
      Zettlemoyer, Luke",
    booktitle = "NAACL",
    month = jun,
    year = "2018",
    url = "https://www.aclweb.org/anthology/N18-1202",
    doi = "10.18653/v1/N18-1202",
    pages = "2227--2237",
}

@inproceedings{mazare2018training,
  title={Training Millions of Personalized Dialogue Agents},
  author={Mazar{\'e}, Pierre-Emmanuel and Humeau, Samuel and Raison, Martin and Bordes, Antoine},
  year={2018},
  booktitle = {EMNLP},
  pages = "2775--2779"
}

@article{norman1963toward,
  title={Toward an adequate taxonomy of personality attributes: Replicated factor structure in peer nomination personality ratings.},
  author={Norman, Warren T},
  journal={The Journal of Abnormal and Social Psychology},
  volume={66},
  number={6},
  pages={574},
  year={1963},
  publisher={American Psychological Association}
}

@article{radford2019language,
  title={Language models are unsupervised multitask learners},
  author={Radford, Alec and Wu, Jeffrey and Child, Rewon and Luan, David and Amodei, Dario and Sutskever, Ilya},
  journal={OpenAI Blog},
  year={2019}
}

@article{radford2018improving,
  title={Improving language understanding by generative pre-training},
  author={Radford, Alec and Narasimhan, Karthik and Salimans, Tim and Sutskever, Ilya},
  journal={OpenAI Blog},
  year={2018}
}

@inproceedings{devlin2018bert,
    title = "{BERT}: Pre-training of Deep Bidirectional Transformers for Language Understanding",
    author = "Devlin, Jacob  and
      Chang, Ming-Wei  and
      Lee, Kenton  and
      Toutanova, Kristina",
    booktitle = "NAACL",
    month = jun,
    year = "2019",
    url = "https://www.aclweb.org/anthology/N19-1423",
    doi = "10.18653/v1/N19-1423",
    pages = "4171--4186"
}



@inproceedings{ritter2011data,
  title={Data-driven response generation in social media},
  author={Ritter, Alan and Cherry, Colin and Dolan, William B},
  booktitle={EMNLP},
  pages={583--593},
  year={2011},
}

@inproceedings{Luo2019Personalized,
  author = {Luo, Liangchen and Huang, Wenhao and Zeng, Qi and Nie, Zaiqing and Sun, Xu},
  title = {Learning Personalized End-to-End Goal-Oriented Dialog},
  booktitle = {AAAI},
  month = {January},
  year = {2019},
  pages={6794--6801}
}

@inproceedings{ouchi2016addressee,
  title={Addressee and response selection for multi-party conversation},
  author={Ouchi, Hiroki and Tsuboi, Yuta},
  booktitle={Proceedings of the 2016 Conference on Empirical Methods in Natural Language Processing},
  pages={2133--2143},
  year={2016}
}

@article{wang2017steering,
  title={Steering output style and topic in neural response generation},
  author={Wang, Di and Jojic, Nebojsa and Brockett, Chris and Nyberg, Eric},
  journal={arXiv preprint arXiv:1709.03010},
  year={2017}
}

@article{shang2015neural,
  title={Neural responding machine for short-text conversation},
  author={Shang, Lifeng and Lu, Zhengdong and Li, Hang},
  journal={arXiv preprint arXiv:1503.02364},
  year={2015}
}

@inproceedings{kim2014acquisition,
  title={Acquisition and use of long-term memory for personalized dialog systems},
  author={Kim, Yonghee and Bang, Jeesoo and Choi, Junhwi and Ryu, Seonghan and Koo, Sangjun and Lee, Gary Geunbae},
  booktitle={International Workshop on Multimodal Analyses Enabling Artificial Agents in Human-Machine Interaction},
  pages={78--87},
  year={2014},
  organization={Springer}
}

@inproceedings{bang2015example,
  title={Example-based chat-oriented dialogue system with personalized long-term memory},
  author={Bang, Jeesoo and Noh, Hyungjong and Kim, Yonghee and Lee, Gary Geunbae},
  booktitle={2015 International Conference on Big Data and Smart Computing (BigComp)},
  pages={238--243},
  year={2015},
  organization={IEEE}
}

@article{al2016conversational,
  title={Conversational contextual cues: The case of personalization and history for response ranking},
  author={Al-Rfou, Rami and Pickett, Marc and Snaider, Javier and Sung, Yun-hsuan and Strope, Brian and Kurzweil, Ray},
  journal={arXiv preprint arXiv:1606.00372},
  year={2016}
}

@article{oraby2018controlling,
  title={Controlling Personality-Based Stylistic Variation with Neural Natural Language Generators},
  author={Oraby, Shereen and Reed, Lena and Tandon, Shubhangi and Sharath, TS and Lukin, Stephanie and Walker, Marilyn},
  journal={arXiv preprint arXiv:1805.08352},
  year={2018}
}

@article{michel2018extreme,
  title={Extreme Adaptation for Personalized Neural Machine Translation},
  author={Michel, Paul and Neubig, Graham},
  journal={arXiv preprint arXiv:1805.01817},
  year={2018}
}

@InProceedings{Zhang2018Personalizing,
  author = 	"Zhang, Saizheng
		and Dinan, Emily
		and Urbanek, Jack
		and Szlam, Arthur
		and Kiela, Douwe
		and Weston, Jason",
  title = 	"Personalizing Dialogue Agents: I have a dog, do you have pets too?",
  booktitle = 	{ACL},
  year = {2018},
  pages = 	{2204--2213},
}

@article{zhang2017addressee,
  title={Addressee and response selection in multi-party conversations with speaker interaction rnns},
  author={Zhang, Rui and Lee, Honglak and Polymenakos, Lazaros and Radev, Dragomir},
  journal={arXiv preprint arXiv:1709.04005},
  year={2017}
}

@article{dinan2019convai2,
  author    = {Emily Dinan and
               Varvara Logacheva and
               Valentin Malykh and
               Alexander H. Miller and
               Kurt Shuster and
               Jack Urbanek and
               Douwe Kiela and
               Arthur Szlam and
               Iulian Serban and
               Ryan Lowe and
               Shrimai Prabhumoye and
               Alan W. Black and
               Alexander I. Rudnicky and
               Jason Williams and
               Joelle Pineau and
               Mikhail Burtsev and
               Jason Weston},
  title     = {The Second Conversational Intelligence Challenge (ConvAI2)},
  journal   = {CoRR},
  volume    = {abs/1902.00098},
  year      = {2019},
  url       = {http://arxiv.org/abs/1902.00098},
  archivePrefix = {arXiv},
  eprint    = {1902.00098},
  timestamp = {Tue, 21 May 2019 18:03:40 +0200},
  biburl    = {https://dblp.org/rec/bib/journals/corr/abs-1902-00098},
  bibsource = {dblp computer science bibliography, https://dblp.org}
}

@inproceedings{zhou2018emotional,
  title={Emotional chatting machine: Emotional conversation generation with internal and external memory},
  author={Zhou, Hao and Huang, Minlie and Zhang, Tianyang and Zhu, Xiaoyan and Liu, Bing},
  booktitle={AAAI},
  year={2018}
}

@article{zhang2017neural,
  title={Neural personalized response generation as domain adaptation},
  author={Zhang, Wei-Nan and Zhu, Qingfu and Wang, Yifa and Zhao, Yanyan and Liu, Ting},
  journal={World Wide Web},
  pages={1--20},
  year={2017},
  publisher={Springer}
}

@article{buda2018systematic,
  title={A systematic study of the class imbalance problem in convolutional neural networks},
  author={Buda, Mateusz and Maki, Atsuto and Mazurowski, Maciej A},
  journal={Neural Networks},
  volume={106},
  pages={249--259},
  year={2018},
  publisher={Elsevier}
}

@inproceedings{flekova2016analyzing,
  title={Analyzing biases in human perception of user age and gender from text},
  author={Flekova, Lucie and Carpenter, Jordan and Giorgi, Salvatore and Ungar, Lyle and Preo{\c{t}}iuc-Pietro, Daniel},
  booktitle={ACL},
  pages={843--854},
  year={2016}
}

@article{randolph2005free,
  title={Free-Marginal Multirater Kappa (multirater K [free]): An Alternative to Fleiss' Fixed-Marginal Multirater Kappa.},
  author={Randolph, Justus J},
  journal={Online submission},
  year={2005},
  publisher={ERIC}
}

@inproceedings{yang2017personalized,
  title={Personalized response generation via domain adaptation},
  author={Yang, Min and Zhao, Zhou and Zhao, Wei and Chen, Xiaojun and Zhu, Jia and Zhou, Lianqiang and Cao, Zigang},
  booktitle={Proceedings of the 40th International ACM SIGIR Conference on Research and Development in Information Retrieval},
  pages={1021--1024},
  year={2017},
  organization={ACM}
}

@inproceedings{Casanueva2015Knowledge,
  title={Knowledge transfer between speakers for personalised dialogue management},
  author={Casanueva, Iñigo and Hain, Thomas and Christensen, Heidi and Marxer, Ricard and Green, Phil},
  booktitle={Meeting of the Special Interest Group on Discourse and Dialogue},
  pages={12-21},
  year={2015},
}

@inproceedings{Kottur2017Exploring,
  title={Exploring Personalized Neural Conversational Models},
  author={Kottur, Satwik and Wang, Xiaoyu and Carvalho, Vitor},
  booktitle={IJCAI},
  pages={3728-3734},
  year={2017},
}


@article{Joshi2017Personalization,
  title={Personalization in Goal-Oriented Dialog},
  author={Joshi, Chaitanya K. and Mi, Fei and Faltings, Boi},
  year={2017},
}

@inproceedings{Qian2018Assigning,
  title={Assigning personality/identity to a chatting machine for coherent conversation generation},
  author={Qian, Qiao and Huang, Minlie and Zhao, Haizhou and Xu, Jingfang and Zhu, Xiaoyan},
  booktitle={IJCAI},
  conference={IJCAI-ECAI 2018, Stockholm, Sweden},
  pages={4279-4285},
  year={2018}
}

@article{Mo2017Personalizing,
  title={Personalizing a Dialogue System with Transfer Reinforcement Learning},
  author={Mo, Kaixiang and Li, Shuangyin and Zhang, Yu and Li, Jiajun and Yang, Qiang},
  year={2017},
}

@inproceedings{Lin2011All,
  title={All the World's a Stage: Learning Character Models from Film},
  author={Lin, Grace I. and Walker, Marilyn A.},
  booktitle={AAAI Conference on Artificial Intelligence and Interactive Digital Entertainment, Aiide 2011, October 10-14, 2011, Stanford, California, Usa},
  pages={164-176},
  year={2011},
}

@InProceedings{Li2016_ACL,
  title={A Persona-Based Neural Conversation Model},
  author={Li, Jiwei and Galley, Michel and Brockett, Chris and Spithourakis, Georgios P and Gao, Jianfeng and Dolan, Bill},
  booktitle ={ACL},
  year = {2016},
  pages={994-1003}
}

@inproceedings{Walker2012_corpus,
  title={An Annotated Corpus of Film Dialogue for Learning and Characterizing Character Style},
  author={Walker, Marilyn A and Lin, Grace I and Sawyer, Jennifer E},
  pages={1373-1378},
  year={2012},
}

@article{Walker2011_Perceived,
  title={Perceived or Not Perceived: Film Character Models for Expressive NLG},
  author={Walker, Marilyn A. and Grant, Ricky and Sawyer, Jennifer and Lin, Grace I. and Wardrip-Fruin, Noah and Buell, Michael},
  volume={7069},
  pages={109-121},
  year={2011},
}

@article{ficler2017controlling,
  title={Controlling linguistic style aspects in neural language generation},
  author={Ficler, Jessica and Goldberg, Yoav},
  journal={arXiv preprint arXiv:1707.02633},
  year={2017}
}

@inproceedings{asghar2018affective,
  title={Affective Neural Response Generation},
  author={Asghar, Nabiha and Poupart, Pascal and Hoey, Jesse and Jiang, Xin and Mou, Lili},
  booktitle={European Conference on Information Retrieval},
  pages={154--166},
  year={2018},
  organization={Springer}
}

@book{shulman2016presentation,
  title={The Presentation of Self in Contemporary Social Life},
  author={Shulman, David},
  year={2016},
  publisher={SAGE Publications}
}
@article{goffman1959presentation,
  title={The presentation of self in everyday life},
  author={Goffman, Erving},
  journal={New York},
  year={1959}
}
@inproceedings{nguyen2014gender,
  title={Why gender and age prediction from tweets is hard: Lessons from a crowdsourcing experiment},
  author={Nguyen, Dong and Trieschnigg, Dolf and Do{\u{g}}ru{\"o}z, A Seza and Gravel, Rilana and Theune, Mari{\"e}t and Meder, Theo and De Jong, Franciska},
  booktitle={ACL},
  pages={1950-1961},
  year={2014}
}
@inproceedings{sutskever2014sequence,
  title={Sequence to sequence learning with neural networks},
  author={Sutskever, Ilya and Vinyals, Oriol and Le, Quoc V},
  booktitle={NIPS},
  pages={3104-3112},
  year={2014}
}
@article{ji2014information,
  title={An information retrieval approach to short text conversation},
  author={Ji, Zongcheng and Lu, Zhengdong and Li, Hang},
  journal={arXiv preprint arXiv:1408.6988},
  year={2014}
}
@article{Xing2016Topic,
  title={Topic Aware Neural Response Generation},
  author={Xing, Chen and Wu, Wei and Wu, Yu and Liu, Jie and Huang, Yalou and Zhou, Ming and Ma, Wei Ying},
  year={2016},
}
@article{ke2018function,
  title={Generating Informative Responses with Controlled Sentence Function},
  author={Ke, Pei and Guan, Jian and Huang, Minlie and Zhu, Xiaoyan},
  booktitle={ACL},
  year={2018}
}
@article{zhao2017learning,
  title={Learning discourse-level diversity for neural dialog models using conditional variational autoencoders},
  author={Zhao, Tiancheng and Zhao, Ran and Eskenazi, Maxine},
  journal={arXiv preprint arXiv:1703.10960},
  year={2017}
}
@inproceedings{godfrey1992switchboard,
  title={SWITCHBOARD: Telephone speech corpus for research and development},
  author={Godfrey, John J and Holliman, Edward C and McDaniel, Jane},
  booktitle={Acoustics, Speech, and Signal Processing, 1992. ICASSP-92., 1992 IEEE International Conference on},
  volume={1},
  pages={517--520},
  year={1992},
  organization={IEEE}
}
@article{bahdanau2014neural,
  title={Neural machine translation by jointly learning to align and translate},
  author={Bahdanau, Dzmitry and Cho, Kyunghyun and Bengio, Yoshua},
  journal={arXiv preprint arXiv:1409.0473},
  year={2014}
}
@article{cho2014learning,
  title={Learning phrase representations using RNN encoder-decoder for statistical machine translation},
  author={Cho, Kyunghyun and Van Merri{\"e}nboer, Bart and Gulcehre, Caglar and Bahdanau, Dzmitry and Bougares, Fethi and Schwenk, Holger and Bengio, Yoshua},
  journal={arXiv preprint arXiv:1406.1078},
  year={2014}
}

@inproceedings{li2015diversity,
  title={A diversity-promoting objective function for neural conversation models},
  author={Li, Jiwei and Galley, Michel and Brockett, Chris and Gao, Jianfeng and Dolan, Bill},
  year={2016},
  booktitle={NAACL},
  pages = "110--119"
}

@article{bamman2014gender,
  title={Gender identity and lexical variation in social media},
  author={Bamman, David and Eisenstein, Jacob and Schnoebelen, Tyler},
  journal={Journal of Sociolinguistics},
  volume={18},
  number={2},
  pages={135--160},
  year={2014},
  publisher={Wiley Online Library}
}

@inproceedings{luan2017multi,
  title={Multi-Task Learning for Speaker-Role Adaptation in Neural Conversation Models},
  author={Luan, Yi and Brockett, Chris and Dolan, Bill and Gao, Jianfeng and Galley, Michel},
  booktitle={IJNLP},
  pages={605--614},
  year={2017}
}

@article{huang2019challenges,
  title={Challenges in Building Intelligent Open-domain Dialog Systems},
  author={Huang, Minlie and Zhu, Xiaoyan and Gao, Jianfeng},
  journal={CoRR},
  volume={abs/1905.05709},
  year={2019}
}

@inproceedings{song2019exploiting,
  title={Exploiting Persona Information for Diverse Generation of Conversational Responses},
  author={Song, Haoyu and Zhang, Wei-Nan and Cui, Yiming and Wang, Dong and Liu, Ting},
  booktitle={IJCAI},
  year={2019}
}

@article{Luong2015Effective,
  title={Effective Approaches to Attention-based Neural Machine Translation},
  author={Luong, Minh Thang and Pham, Hieu and Manning, Christopher D},
  journal={Computer Science},
  year={2015},
}
@article{Kim2014Convolutional,
  title={Convolutional Neural Networks for Sentence Classification},
  author={Kim, Yoon},
  journal={arXiv:1408.5882},
  year={2014},
}
@inproceedings{sordoni2015hierarchical,
  title={A hierarchical recurrent encoder-decoder for generative context-aware query suggestion},
  author={Sordoni, Alessandro and Bengio, Yoshua and Vahabi, Hossein and Lioma, Christina and Grue Simonsen, Jakob and Nie, Jian-Yun},
  booktitle={Proceedings of the 24th ACM International on Conference on Information and Knowledge Management},
  pages={553--562},
  year={2015},
  organization={ACM}
}

@inproceedings{Allman2007Issues,
  title={Issues and etiquette concerning use of shared measurement data},
  author={Alllman, Mark and Paxson, Vern},
  booktitle={ACM SIGCOMM Conference on Internet Measurement},
  pages={135-140},
  year={2007},
}

@inproceedings{jurafsky1997automatic,
  title={Automatic detection of discourse structure for speech recognition and understanding},
  author={Jurafsky, Daniel and Bates, Rebecca and Coccaro, Noah and Martin, Rachel and Meteer, Marie and Ries, Klaus and Shriberg, Elizabeth and Stolcke, Andreas and Taylor, Paul and Van Ess-Dykema, Carol},
  booktitle={Automatic Speech Recognition and Understanding, 1997. Proceedings., 1997 IEEE Workshop on},
  pages={88--95},
  year={1997},
  organization={IEEE}
}

@inproceedings{wolf2018transfer,
  title={TransferTransfo: A Transfer Learning Approach for Neural Network Based Conversational Agents},
  author={Wolf, Thomas and Sanh, Victor and Chaumond, Julien and Delangue, Clement },
  booktitle={NIPS2018 CAI Workshop},
  year={2018},
}

@inproceedings{golovanov-etal-2019-large,
    title = "Large-Scale Transfer Learning for Natural Language Generation",
    author = "Golovanov, Sergey  and
      Kurbanov, Rauf  and
      Nikolenko, Sergey  and
      Truskovskyi, Kyryl  and
      Tselousov, Alexander  and
      Wolf, Thomas",
    booktitle = "ACL",
    month = jul,
    year = "2019",
    url = "https://www.aclweb.org/anthology/P19-1608",
    pages = "6053--6058"
}

@inproceedings{kurbanov2018lost,
  title={Lost in conversation},
  author={Kurbanov, Rauf and Golovanov, Sergey and Tselousov, Alexander},
  booktitle={NIPS2018 CAI Workshop},
  year={2018},
}

@inproceedings{wang2018sentigan,
  title={SentiGAN: Generating Sentimental Texts via Mixture Adversarial Networks.},
  author={Wang, Ke and Wan, Xiaojun},
  booktitle={IJCAI},
  pages={4446--4452},
  year={2018}
}
@article{fu2017style,
  title={Style transfer in text: Exploration and evaluation},
  author={Fu, Zhenxin and Tan, Xiaoye and Peng, Nanyun and Zhao, Dongyan and Yan, Rui},
  journal={arXiv preprint arXiv:1711.06861},
  year={2017}
}
@article{novikova2017we,
  title={Why we need new evaluation metrics for nlg},
  author={Novikova, Jekaterina and Du{\v{s}}ek, Ond{\v{r}}ej and Curry, Amanda Cercas and Rieser, Verena},
  journal={arXiv preprint arXiv:1707.06875},
  year={2017}
}
@article{nguyen2016computational,
  title={Computational sociolinguistics: A survey},
  author={Nguyen, Dong and Do{\u{g}}ru{\"o}z, A Seza and Ros{\'e}, Carolyn P and de Jong, Franciska},
  journal={Computational linguistics},
  volume={42},
  number={3},
  pages={537--593},
  year={2016},
  publisher={MIT Press}
}
@book{wasserman1994social,
  title={Social network analysis: Methods and applications},
  author={Wasserman, Stanley and Faust, Katherine},
  volume={8},
  year={1994},
  publisher={Cambridge university press}
}


@article{chen2017dialogsurvey,
  title={A survey on dialogue systems: Recent advances and new frontiers},
  author={Chen, Hongshen and Liu, Xiaorui and Yin, Dawei and Tang, Jiliang},
  journal={ACM SIGKDD Explorations Newsletter},
  volume={19},
  number={2},
  pages={25--35},
  year={2017},
  publisher={ACM}
}
@inproceedings{graves2005bidirectional,
  title={Bidirectional LSTM networks for improved phoneme classification and recognition},
  author={Graves, Alex and Fern{\'a}ndez, Santiago and Schmidhuber, J{\"u}rgen},
  booktitle={International Conference on Artificial Neural Networks},
  pages={799--804},
  year={2005},
  organization={Springer}
}
@article{joulin2016fasttext,
  title={FastText.zip: Compressing text classification models},
  author={Joulin, Armand and Grave, Edouard and Bojanowski, Piotr and Douze, Matthijs and J{\'e}gou, H{\'e}rve and Mikolov, Tomas},
  journal={arXiv preprint arXiv:1612.03651},
  year={2016}
}
@inproceedings{allen1996robust,
  title={A robust system for natural spoken dialogue},
  author={Allen, James F and Miller, Bradford W and Ringger, Eric K and Sikorski, Teresa},
  booktitle={Proceedings of the 34th annual meeting on Association for Computational Linguistics},
  pages={62--70},
  year={1996},
  organization={Association for Computational Linguistics}
}

@article{sun2019ernie,
  title={ERNIE: Enhanced Representation through Knowledge Integration},
  author={Sun, Yu and Wang, Shuohuan and Li, Yukun and Feng, Shikun and Chen, Xuyi and Zhang, Han and Tian, Xin and Zhu, Danxiang and Tian, Hao and Wu, Hua},
  journal={CoRR},
  volume={abs/1904.09223},
  year={2019}
}

@inproceedings{mehri2019pretraining,
    title = "Pretraining Methods for Dialog Context Representation Learning",
    author = "Mehri, Shikib  and
      Razumovskaia, Evgeniia  and
      Zhao, Tiancheng  and
      Eskenazi, Maxine",
    booktitle = "ACL",
    month = jul,
    year = "2019",
    url = "https://www.aclweb.org/anthology/P19-1373",
    pages = "3836--3845",
}

@article{joshi2019spanbert,
  title={SpanBERT: Improving Pre-training by Representing and Predicting Spans},
  author={Joshi, Mandar and Chen, Danqi and Liu, Yinhan and Weld, Daniel S and Zettlemoyer, Luke and Levy, Omer},
  journal={CoRR},
  volume={abs/1907.10529},
  year={2019}
}

@inproceedings{Vaswani2017Attention,
  title={Attention is all you need},
  author={Vaswani, Ashish and Shazeer, Noam and Parmar, Niki and Uszkoreit, Jakob and Jones, Llion and Gomez, Aidan N and Kaiser, {\L}ukasz and Polosukhin, Illia},
  booktitle={NIPS},
  pages={5998--6008},
  year={2017}
}

@article{shum2018eliza,
  title={From Eliza to XiaoIce: challenges and opportunities with social chatbots},
  author={Shum, Heung-yeung and He, Xiao-dong and Li, Di},
  journal={Frontiers of Information Technology \& Electronic Engineering},
  volume={19},
  number={1},
  pages={10--26},
  year={2018},
  publisher={Springer}
}

@article{kim2018efficient,
  title={Efficient Large-Scale Domain Classification with Personalized Attention},
  author={Kim, Young-Bum and Kim, Dongchan and Kumar, Anjishnu and Sarikaya, Ruhi},
  journal={arXiv preprint arXiv:1804.08065},
  year={2018}
}
@article{Li2017DailyDialog,
  title={DailyDialog: A Manually Labelled Multi-turn Dialogue Dataset},
  author={Li, Yanran and Su, Hui and Shen, Xiaoyu and Li, Wenjie and Cao, Ziqiang and Niu, Shuzi},
  year={2017},
}

@article{Serban2015_data_survey,
  title={A Survey of Available Corpora for Building Data-Driven Dialogue Systems},
  author={Serban, Iulian Vlad and Lowe, Ryan and Charlin, Laurent and Pineau, Joelle},
  journal={Computer Science},
  volume={33},
  number={16},
  pages={6078-6093},
  year={2015},
}

@inproceedings{serban2016building,
  title={Building End-To-End Dialogue Systems Using Generative Hierarchical Neural Network Models.},
  author={Serban, Iulian Vlad and Sordoni, Alessandro and Bengio, Yoshua and Courville, Aaron C and Pineau, Joelle},
  booktitle={AAAI},
  pages={3776--3784},
  year={2016}
}

@article{Lucas2009Managing,
  title={Managin speaker identity and user profiles in a spoken dialogue system},
  author={Lucas, J. M. and Fernández, F. and Salazar, J. and Ferreiros, J. and Segundo, R. San},
  journal={Procesamiento Del Lenguaje Natural},
  pages={77-84},
  year={2009},
}

@inproceedings{Banchs2012Movie,
    title = "Movie-{D}i{C}: a Movie Dialogue Corpus for Research and Development",
    author = "Banchs, Rafael E.",
    booktitle = "ACL",
    month = jul,
    year = "2012",
    url = "https://www.aclweb.org/anthology/P12-2040",
    pages = "203--207",
}

@article{jaech2017lowrank_rnn,
  title={Low-Rank RNN Adaptation for Context-Aware Language Modeling},
  author={Jaech, Aaron and Ostendorf, Mari},
  journal={Transactions of the Association of Computational Linguistics},
  year={2018},
  pages={497-510},
  volume={6}
}
@inproceedings{hernault2008generating,
  title={Generating dialogues for virtual agents using nested textual coherence relations},
  author={Hernault, Hugo and Piwek, Paul and Prendinger, Helmut and Ishizuka, Mitsuru},
  booktitle={International Workshop on Intelligent Virtual Agents},
  pages={139--145},
  year={2008},
  organization={Springer}
}
@article{pennebaker1999linguistic,
  title={Linguistic styles: Language use as an individual difference.},
  author={Pennebaker, James W and King, Laura A},
  journal={Journal of personality and social psychology},
  volume={77},
  number={6},
  pages={1296},
  year={1999},
  publisher={American Psychological Association}
}
@inproceedings{gill2002taking,
  title={Taking care of the linguistic features of extraversion},
  author={Gill, Alastair J and Oberlander, Jon},
  booktitle={Proceedings of the Annual Meeting of the Cognitive Science Society},
  volume={24},
  number={24},
  year={2002}
}
@book{pervin1999handbook,
  title={Handbook of personality: Theory and research},
  author={Pervin, Lawrence A and John, Oliver P},
  year={1999},
  publisher={Elsevier}
}
@article{nass2000truth,
  title={Truth is beauty: Researching embodied conversational agents},
  author={Nass, Clifford and Isbister, Katherine and Lee, Eun-Ju and others},
  journal={Embodied conversational agents},
  pages={374--402},
  year={2000}
}
@article{van2008fully,
  title={Fully generated scripted dialogue for embodied agents},
  author={Van Deemter, Kees and Krenn, Brigitte and Piwek, Paul and Klesen, Martin and Schr{\"o}der, Marc and Baumann, Stefan},
  journal={Artificial Intelligence},
  volume={172},
  number={10},
  pages={1219--1244},
  year={2008}
}
@article{allport1960personality,
  title={Personality and social encounter: Selected essays.},
  author={Allport, Gordon W},
  year={1960},
  publisher={Beacon}
}
@inproceedings{mairesse2008personality,
  title={A Personality-based Framework for Utterance Generation in Dialogue Applications.},
  author={Mairesse, Fran{\c{c}}ois and Walker, Marilyn A},
  booktitle={AAAI Spring Symposium: Emotion, Personality, and Social Behavior},
  pages={80--87},
  year={2008}
}
@inproceedings{mairesse2007personage,
  title={PERSONAGE: Personality generation for dialogue},
  author={Mairesse, Fran{\c{c}}ois and Walker, Marilyn},
  booktitle={ACL},
  pages={496-503},
  year={2007}
}

@inproceedings{gill2012perceptions,
  title={Perceptions of alignment and personality in generated dialogue},
  author={Gill, Alastair J and Brockmann, Carsten and Oberlander, Jon},
  booktitle={INLG},
  pages={40-48},
  year={2012},
}

@article{goldberg1993structure,
  title={The structure of phenotypic personality traits.},
  author={Goldberg, Lewis R},
  journal={American psychologist},
  volume={48},
  number={1},
  pages={26},
  year={1993},
  publisher={American Psychological Association}
}
@article{cobb2012stability,
  title={The stability of big-five personality traits},
  author={Cobb-Clark, Deborah A and Schurer, Stefanie},
  journal={Economics Letters},
  volume={115},
  number={1},
  pages={11--15},
  year={2012},
  publisher={Elsevier}
}
@article{mairesse2007using,
  title={Using linguistic cues for the automatic recognition of personality in conversation and text},
  author={Mairesse, Fran{\c{c}}ois and Walker, Marilyn A and Mehl, Matthias R and Moore, Roger K},
  journal={Journal of artificial intelligence research},
  volume={30},
  pages={457--500},
  year={2007}
}

@book{cao2008linguistic,
  title={Linguistic atlas of Chinese dialects},
  author={Cao, Zhiyun and Liu, Xiaohai},
  year={2008},
  publisher={Beijing: Commercial Press}
}

@article{herring2007faceted,
  title={A faceted classification scheme for computer-mediated discourse},
  author={Herring, Susan C},
  journal={Language@ internet},
  volume={4},
  number={1},
  year={2007}
}

@article{Nguyen:2016:CSS:3030588.3030595,
 author = {Nguyen, Dong and Do\u{g}ru\"{o}z, A. Seza and Ros{\'e}, Carolyn P. and de Jong, Franciska},
 title = {Computational Sociolinguistics: A Survey},
 journal = {Comput. Linguist.},
 issue_date = {September 2016},
 volume = {42},
 number = {3},
 month = sep,
 year = {2016},
 issn = {0891-2017},
 pages = {537--593},
 numpages = {57},
 url = {https://doi.org/10.1162/COLI_a_00258},
 doi = {10.1162/COLI_a_00258},
 acmid = {3030595},
 publisher = {MIT Press},
 address = {Cambridge, MA, USA},
} 

@inproceedings{doyle2014mapping,
  title={Mapping dialectal variation by querying social media},
  author={Doyle, Gabriel},
  booktitle={Proceedings of the 14th Conference of the European Chapter of the Association for Computational Linguistics},
  pages={98--106},
  year={2014}
}

@article{topp2002online,
  title={Online data collection},
  author={Topp, Neal W and Pawloski, Bob},
  journal={Journal of Science Education and Technology},
  volume={11},
  number={2},
  pages={173--178},
  year={2002},
  publisher={Springer}
}

@article{hochreiter1997long,
  title={Long short-term memory},
  author={Hochreiter, Sepp and Schmidhuber, J{\"u}rgen},
  journal={Neural computation},
  volume={9},
  number={8},
  pages={1735--1780},
  year={1997},
  publisher={MIT Press}
}

@book{labov1972sociolinguistic,
  title={Sociolinguistic patterns},
  author={Labov, William},
  number={4},
  year={1972},
  publisher={University of Pennsylvania Press}
}

@book{gumperz1982discourse,
  title={Discourse strategies},
  author={Gumperz, John J},
  volume={1},
  year={1982},
  publisher={Cambridge University Press}
}

@article{eckert2017age,
  title={Age as a sociolinguistic variable},
  author={Eckert, Penelope},
  journal={The handbook of sociolinguistics},
  pages={151--167},
  year={2017},
  publisher={Wiley Online Library}
}

@inproceedings{lai2015recurrent,
  title={Recurrent Convolutional Neural Networks for Text Classification.},
  author={Lai, Siwei and Xu, Liheng and Liu, Kang and Zhao, Jun},
  booktitle={AAAI},
  pages={2267--2273},
  year={2015}
}
