@article{amitai2021don,
  title={" I Don't Think So": Summarizing Policy Disagreements for Agent Comparison},
  author={Amitai, Yotam and Amir, Ofra},
  journal={Proceedings of the AAAI Conference on Artificial Intelligence},
  year={2022}
}


@inproceedings{amir2018highlights,
  title={Highlights: Summarizing agent behavior to people},
  author={Amir, Dan and Amir, Ofra},
  booktitle={Proceedings of the 17th International Conference on Autonomous Agents and MultiAgent Systems},
  pages={1168--1176},
  year={2018}
}

@article{van2017hybrid,
  title={Hybrid reward architecture for reinforcement learning},
  author={Van Seijen, Harm and Fatemi, Mehdi and Romoff, Joshua and Laroche, Romain and Barnes, Tavian and Tsang, Jeffrey},
  journal={arXiv preprint arXiv:1706.04208},
  year={2017}
}

@book{molnar2022,
  title      = {Interpretable Machine Learning},
  author     = {Christoph Molnar},
  year       = {2022},
  subtitle   = {A Guide for Making Black Box Models Explainable},
  edition    = {2},
  url        = {https://christophm.github.io/interpretable-ml-book}
}

@inproceedings{juozapaitis2019explainable,
  title={Explainable reinforcement learning via reward decomposition},
  author={Juozapaitis, Zoe and Koul, Anurag and Fern, Alan and Erwig, Martin and Doshi-Velez, Finale},
  booktitle={IJCAI/ECAI Workshop on Explainable Artificial Intelligence},
  year={2019}
}

@article{lipton1991seductive,
  title={The seductive-nomological model: Review of Wesley Salmon Four Decades of Scientific Explanation},
  author={Lipton, Peter},
  journal={Studies in History and Philosophy of Science Part A},
  volume={23},
  number={4},
  year={1991}
}

@article{miller2019explanation,
  title={Explanation in artificial intelligence: Insights from the social sciences},
  author={Miller, Tim},
  journal={Artificial intelligence},
  volume={267},
  pages={1--38},
  year={2019},
  publisher={Elsevier}
}

@article{madumal2020distal,
  title={Distal Explanations for Model-free Explainable Reinforcement Learning},
  author={Madumal, Prashan and Miller, Tim and Sonenberg, Liz and Vetere, Frank},
  journal={arXiv preprint arXiv:2001.10284},
  year={2020}
}

@inproceedings{tabrez2019explanation,
  title={Explanation-based reward coaching to improve human performance via reinforcement learning},
  author={Tabrez, Aaquib and Agrawal, Shivendra and Hayes, Bradley},
  booktitle={2019 14th ACM/IEEE International Conference on Human-Robot Interaction (HRI)},
  pages={249--257},
  year={2019},
  organization={IEEE}
}


@article{hilton2020understanding,
  title={Understanding RL Vision},
  author={Hilton, Jacob and Cammarata, Nick and Carter, Shan and Goh, Gabriel and Olah, Chris},
  journal={Distill},
  volume={5},
  number={11},
  pages={e29},
  year={2020}
}

@inproceedings{dodson2011natural,
  title={A natural language argumentation interface for explanation generation in Markov decision processes},
  author={Dodson, Thomas and Mattei, Nicholas and Goldsmith, Judy},
  booktitle={International Conference on Algorithmic Decision Theory},
  pages={42--55},
  year={2011},
  organization={Springer}
}

@inproceedings{booth2019evaluating,
  title={Evaluating the Interpretability of the Knowledge Compilation Map: Communicating Logical Statements Effectively.},
  author={Booth, Serena and Muise, Christian and Shah, Julie},
  booktitle={IJCAI},
  pages={5801--5807},
  year={2019}
}

@article{amir2019summarizing,
  title={Summarizing agent strategies},
  author={Amir, Ofra and Doshi-Velez, Finale and Sarne, David},
  journal={Autonomous Agents and Multi-Agent Systems},
  volume={33},
  number={5},
  pages={628--644},
  year={2019},
  publisher={Springer}
}

@inproceedings{lage2019exploring,
  title={Exploring computational user models for agent policy summarization},
  author={Lage, Isaac and Lifschitz, Daphna and Doshi-Velez, Finale and Amir, Ofra},
  booktitle={IJCAI: proceedings of the conference},
  volume={28},
  pages={1401},
  year={2019},
  organization={NIH Public Access}
}

@article{hoffman2018metrics,
  title={Metrics for explainable AI: Challenges and prospects},
  author={Hoffman, Robert R and Mueller, Shane T and Klein, Gary and Litman, Jordan},
  journal={arXiv preprint arXiv:1812.04608},
  year={2018}
}

@article{silva2021teaching,
  title={Teaching People by Justifying Tree Search Decisions: An Empirical Study in Curling},
  author={Silva, Cleyton R and Bowling, Michael and Lelis, Levi HS},
  journal={Journal of Artificial Intelligence Research},
  volume={72},
  pages={1083--1102},
  year={2021}
}

@article{lin2020contrastive,
  title={Contrastive explanations for reinforcement learning via embedded self predictions},
  author={Lin, Zhengxian and Lam, Kim-Ho and Fern, Alan},
  journal={arXiv preprint arXiv:2010.05180},
  year={2020}
}


@article{van2018contrastive,
  title={Contrastive explanations for reinforcement learning in terms of expected consequences},
  author={van der Waa, Jasper and van Diggelen, Jurriaan and Bosch, Karel van den and Neerincx, Mark},
  journal={arXiv preprint arXiv:1807.08706},
  year={2018}
}

@inproceedings{puiutta2020explainable,
  title={Explainable reinforcement learning: A survey},
  author={Puiutta, Erika and Veith, Eric},
  booktitle={International cross-domain conference for machine learning and knowledge extraction},
  pages={77--95},
  year={2020},
  organization={Springer}
}

@article{greydanus2017visualizing,
  title={Visualizing and Understanding Atari Agents},
  author={Greydanus, Sam and Koul, Anurag and Dodge, Jonathan and Fern, Alan},
  journal={arXiv preprint arXiv:1711.00138},
  year={2017}
}

@inproceedings{madumal2020explainable,
  title={Explainable reinforcement learning through a causal lens},
  author={Madumal, Prashan and Miller, Tim and Sonenberg, Liz and Vetere, Frank},
  booktitle={Proceedings of the AAAI Conference on Artificial Intelligence},
  volume={34},
  pages={2493--2500},
  year={2020}
}

@inproceedings{liu2018toward,
  title={Toward interpretable deep reinforcement learning with linear model u-trees},
  author={Liu, Guiliang and Schulte, Oliver and Zhu, Wang and Li, Qingcan},
  booktitle={Joint European Conference on Machine Learning and Knowledge Discovery in Databases},
  pages={414--429},
  year={2018},
  organization={Springer}
}

@article{huang2019enabling,
  title={Enabling robots to communicate their objectives},
  author={Huang, Sandy H and Held, David and Abbeel, Pieter and Dragan, Anca D},
  journal={Autonomous Robots},
  volume={43},
  number={2},
  pages={309--326},
  year={2019},
  publisher={Springer}
}

@inproceedings{buccinca2020proxy,
  title={Proxy tasks and subjective measures can be misleading in evaluating explainable AI systems},
  author={Bu{\c{c}}inca, Zana and Lin, Phoebe and Gajos, Krzysztof Z and Glassman, Elena L},
  booktitle={Proceedings of the 25th international conference on intelligent user interfaces},
  pages={454--464},
  year={2020}
}

@InProceedings{huber2019,
author="Huber, Tobias
and Schiller, Dominik
and Andr{\'e}, Elisabeth",
editor="Benzm{\"u}ller, Christoph
and Stuckenschmidt, Heiner",
title="Enhancing Explainability of Deep Reinforcement Learning Through Selective Layer-Wise Relevance Propagation",
booktitle="KI 2019: Advances in Artificial Intelligence",
year="2019",
publisher="Springer International Publishing",
address="Cham",
pages="188--202",
isbn="978-3-030-30179-8"
}

@inproceedings{puri2020,
  author    = {Nikaash Puri and
               Sukriti Verma and
               Piyush Gupta and
               Dhruv Kayastha and
               Shripad Deshmukh and
               Balaji Krishnamurthy and
               Sameer Singh},
  title     = {Explain Your Move: Understanding Agent Actions Using Specific and
               Relevant Feature Attribution},
  booktitle = {8th International Conference on Learning Representations, {ICLR}},
  publisher = {OpenReview.net},
  year      = {2020}
}

@article{anderson2019explaining,
  title={Explaining reinforcement learning to mere mortals: An empirical study},
  author={Anderson, Andrew and Dodge, Jonathan and Sadarangani, Amrita and Juozapaitis, Zoe and Newman, Evan and Irvine, Jed and Chattopadhyay, Souti and Fern, Alan and Burnett, Margaret},
  journal={arXiv preprint arXiv:1903.09708},
  year={2019}
}

@article{sequeira2020interestingness,
  title={Interestingness elements for explainable reinforcement learning: Understanding agents' capabilities and limitations},
  author={Sequeira, Pedro and Gervasio, Melinda},
  journal={Artificial Intelligence},
  volume={288},
  pages={103367},
  year={2020},
  publisher={Elsevier}
}

@misc{2210.11584,
Author = {Yao Rong and Tobias Leemann and Thai-trang Nguyen and Lisa Fiedler and Tina Seidel and Gjergji Kasneci and Enkelejda Kasneci},
Title = {Towards Human-centered Explainable AI: User Studies for Model Explanations},
Year = {2022},
Eprint = {arXiv:2210.11584},
}

@article{mnih2015human,
  title={Human-level control through deep reinforcement learning},
  author={Mnih, Volodymyr and Kavukcuoglu, Koray and Silver, David and Rusu, Andrei A and Veness, Joel and Bellemare, Marc G and Graves, Alex and Riedmiller, Martin and Fidjeland, Andreas K and Ostrovski, Georg and others},
  journal={nature},
  volume={518},
  number={7540},
  pages={529--533},
  year={2015},
  publisher={Nature Publishing Group}
}

@inproceedings{van2016deep,
  title={Deep reinforcement learning with double q-learning},
  author={Van Hasselt, Hado and Guez, Arthur and Silver, David},
  booktitle={Proceedings of the AAAI conference on artificial intelligence},
  volume={30},
  year={2016}
}

@article{anderson2020mental,
  title={Mental models of mere mortals with explanations of reinforcement learning},
  author={Anderson, Andrew and Dodge, Jonathan and Sadarangani, Amrita and Juozapaitis, Zoe and Newman, Evan and Irvine, Jed and Chattopadhyay, Souti and Olson, Matthew and Fern, Alan and Burnett, Margaret},
  journal={ACM Transactions on Interactive Intelligent Systems (TiiS)},
  volume={10},
  number={2},
  pages={1--37},
  year={2020},
  publisher={ACM New York, NY, USA}
}

@article{milani2022survey,
  title={A Survey of Explainable Reinforcement Learning},
  author={Milani, Stephanie and Topin, Nicholay and Veloso, Manuela and Fang, Fei},
  journal={arXiv preprint arXiv:2202.08434},
  year={2022}
}

@software{highway-env,
author = {Leurent, Edouard},
title = {{An Environment for Autonomous Driving Decision-Making}},
url = {https://github.com/eleurent/highway-env},
version = {1.4},
year = {2018}
}

@software{rl-agents,
author = {Leurent, Edouard},
title = {rl-agents: Implementations of Reinforcement Learning algorithms},
year = {2018},
url = {https://github.com/eleurent/rl-agents},
}

@article{huber2021local,
  title={Local and global explanations of agent behavior: Integrating strategy summaries with saliency maps},
  author={Huber, Tobias and Weitz, Katharina and Andr{\'e}, Elisabeth and Amir, Ofra},
  journal={Artificial Intelligence},
  volume={301},
  pages={103571},
  year={2021},
  publisher={Elsevier}
}