@article{yi2021transpose,
  title={Transpose: Real-time 3d human translation and pose estimation with six inertial sensors},
  author={Yi, Xinyu and Zhou, Yuxiao and Xu, Feng},
  journal={ACM Transactions on Graphics (TOG)},
  volume={40},
  number={4},
  pages={1--13},
  year={2021},
  publisher={ACM New York, NY, USA}
}
@inproceedings{jiang2022transformer,
author = {Jiang, Yifeng and Ye, Yuting and Gopinath, Deepak and Won, Jungdam and Winkler, Alexander W. and Liu, C. Karen},
title = {Transformer Inertial Poser: Real-Time Human Motion Reconstruction from Sparse IMUs with Simultaneous Terrain Generation},
year = {2022},
doi = {10.1145/3550469.3555428},
booktitle = {SIGGRAPH Asia 2022 Conference Papers},
articleno = {3},
numpages = {9},
keywords = {Wearable Devices, Human Motion, Inertial Measurement Units},
location = {Daegu, Republic of Korea},
series = {SA '22 Conference Papers}
}
@article{kim2022fusion,
  title={Fusion Poser: 3D Human Pose Estimation Using Sparse IMUs and Head Trackers in Real Time},
  author={Kim, Meejin and Lee, Sukwon},
  journal={Sensors},
  volume={22},
  number={13},
  pages={4846},
  year={2022},
  publisher={MDPI}
}
@article{huang2018deep,
  title={Deep inertial poser: Learning to reconstruct human pose from sparse inertial measurements in real time},
  author={Huang, Yinghao and Kaufmann, Manuel and Aksan, Emre and Black, Michael J and Hilliges, Otmar and Pons-Moll, Gerard},
  journal={ACM Transactions on Graphics (TOG)},
  volume={37},
  number={6},
  pages={1--15},
  year={2018},
  publisher={ACM New York, NY, USA}
}
@inproceedings{slyper2008action,
  title={Action capture with accelerometers},
  author={Slyper, Ronit and Hodgins, Jessica K},
  booktitle={Proceedings of the 2008 ACM SIGGRAPH/Eurographics Symposium on Computer Animation},
  pages={193--199},
  year={2008}
}
@article{tautges2011motion,
  title={Motion reconstruction using sparse accelerometer data},
  author={Tautges, Jochen and Zinke, Arno and Kr{\"u}ger, Bj{\"o}rn and Baumann, Jan and Weber, Andreas and Helten, Thomas and M{\"u}ller, Meinard and Seidel, Hans-Peter and Eberhardt, Bernd},
  journal={ACM Transactions on Graphics (TOG)},
  volume={30},
  number={3},
  pages={1--12},
  year={2011},
  publisher={ACM New York, NY, USA}
}
@inproceedings{von2017sparse,
  title={Sparse inertial poser: Automatic 3d human pose estimation from sparse imus},
  author={Von Marcard, Timo and Rosenhahn, Bodo and Black, Michael J and Pons-Moll, Gerard},
  booktitle={Computer Graphics Forum},
  volume={36},
  number={2},
  pages={349--360},
  year={2017},
  organization={Wiley Online Library}
}
@inproceedings{liu2021swin,
  title={Swin transformer: Hierarchical vision transformer using shifted windows},
  author={Liu, Ze and Lin, Yutong and Cao, Yue and Hu, Han and Wei, Yixuan and Zhang, Zheng and Lin, Stephen and Guo, Baining},
  booktitle={Proceedings of the IEEE/CVF International Conference on Computer Vision (ICCV)},
  pages={10012--10022},
  year={2021}
}
@inproceedings{tevet2022motionclip,
  title={Motionclip: Exposing human motion generation to clip space},
  author={Tevet, Guy and Gordon, Brian and Hertz, Amir and Bermano, Amit H and Cohen-Or, Daniel},
  booktitle={Proceedings of the European conference on computer vision (ECCV)},
  pages={358--374},
  year={2022},
  organization={Springer}
}
@inproceedings{BABEL:CVPR:2021,
  title = {{BABEL}: Bodies, Action and Behavior with English Labels},
  author = {Punnakkal, Abhinanda R. and Chandrasekaran, Arjun and Athanasiou, Nikos and Quiros-Ramirez, Alejandra and Black, Michael J.},
  booktitle = {Proceedings of the IEEE/CVF Conference on Computer Vision and Pattern Recognition (CVPR)},
  pages = {722--731},
  month = jun,
  year = {2021},
  doi = {},
  month_numeric = {6}
}
@inproceedings{zheng20213d,
  title={3d human pose estimation with spatial and temporal transformers},
  author={Zheng, Ce and Zhu, Sijie and Mendieta, Matias and Yang, Taojiannan and Chen, Chen and Ding, Zhengming},
  booktitle={Proceedings of the IEEE/CVF International Conference on Computer Vision (ICCV)},
  pages={11656--11665},
  year={2021}
}
@inproceedings{radford2021learning,
  title={Learning transferable visual models from natural language supervision},
  author={Radford, Alec and Kim, Jong Wook and Hallacy, Chris and Ramesh, Aditya and Goh, Gabriel and Agarwal, Sandhini and Sastry, Girish and Askell, Amanda and Mishkin, Pamela and Clark, Jack and others},
  booktitle={International Conference on Machine Learning},
  pages={8748--8763},
  year={2021},
  organization={PMLR}
}
@inproceedings{li2023pose,
  title={Pose-Oriented Transformer with Uncertainty-Guided Refinement for 2D-to-3D Human Pose Estimation},
  author={Li, Han and Shi, Bowen and Dai, Wenrui and Zheng, Hongwei and Wang, Botao and Sun, Yu and Guo, Min and Li, Chenglin and Zou, Junni and Xiong, Hongkai},
  booktitle={Proceedings of the AAAI Conference on Artificial Intelligence},
  volume={37},
  number={1},
  pages={1296--1304},
  year={2023}
}
@article{loper2015smpl,
  title={SMPL: A skinned multi-person linear model},
  author={Loper, Matthew and Mahmood, Naureen and Romero, Javier and Pons-Moll, Gerard and Black, Michael J},
  journal={ACM Transactions on Graphics (TOG)},
  volume={34},
  number={6},
  pages={1--16},
  year={2015},
  publisher={ACM New York, NY, USA}
}
@inproceedings{yi2022physical,
  title={Physical inertial poser (pip): Physics-aware real-time human motion tracking from sparse inertial sensors},
  author={Yi, Xinyu and Zhou, Yuxiao and Habermann, Marc and Shimada, Soshi and Golyanik, Vladislav and Theobalt, Christian and Xu, Feng},
  booktitle={Proceedings of the IEEE/CVF Conference on Computer Vision and Pattern Recognition (CVPR)},
  pages={13167--13178},
  year={2022}
}
@inproceedings{trumble2017total,
  title={Total capture: 3d human pose estimation fusing video and inertial sensors},
  author={Trumble, Matthew and Gilbert, Andrew and Malleson, Charles and Hilton, Adrian and Collomosse, John},
  booktitle={Proceedings of 28th British Machine Vision Conference},
  pages={1--13},
  year={2017}
}
@inproceedings{malleson2017real,
  title={Real-time full-body motion capture from video and imus},
  author={Malleson, Charles and Gilbert, Andrew and Trumble, Matthew and Collomosse, John and Hilton, Adrian and Volino, Marco},
  booktitle={2017 International Conference on 3D Vision (3DV)},
  pages={449--457},
  year={2017},
  organization={IEEE}
}
@article{von2016human,
  title={Human pose estimation from video and imus},
  author={Von Marcard, Timo and Pons-Moll, Gerard and Rosenhahn, Bodo},
  journal={IEEE transactions on Pattern Analysis and Machine Intelligence (PAMI)},
  volume={38},
  number={8},
  pages={1533--1547},
  year={2016},
  publisher={IEEE}
}
@inproceedings{von2018recovering,
  title={Recovering accurate 3d human pose in the wild using imus and a moving camera},
  author={Von Marcard, Timo and Henschel, Roberto and Black, Michael J and Rosenhahn, Bodo and Pons-Moll, Gerard},
  booktitle={Proceedings of the European conference on computer vision (ECCV)},
  pages={601--617},
  year={2018}
}
@inproceedings{jiang2022avatarposer,
  title={Avatarposer: Articulated full-body pose tracking from sparse motion sensing},
  author={Jiang, Jiaxi and Streli, Paul and Qiu, Huajian and Fender, Andreas and Laich, Larissa and Snape, Patrick and Holz, Christian},
  booktitle={Proceedings of the European conference on computer vision (ECCV)},
  pages={443--460},
  year={2022},
  organization={Springer}
}
@inproceedings{zhao2023poseformerv2,
  title={PoseFormerV2: Exploring Frequency Domain for Efficient and Robust 3D Human Pose Estimation},
  author={Zhao, Qitao and Zheng, Ce and Liu, Mengyuan and Wang, Pichao and Chen, Chen},
  booktitle={Proceedings of the IEEE/CVF Conference on Computer Vision and Pattern Recognition (CVPR)},
  pages={8877--8886},
  year={2023}
}
@inproceedings{ahn2018text2action,
  title={Text2action: Generative adversarial synthesis from language to action},
  author={Ahn, Hyemin and Ha, Timothy and Choi, Yunho and Yoo, Hwiyeon and Oh, Songhwai},
  booktitle={2018 IEEE International Conference on Robotics and Automation (ICRA)},
  pages={5915--5920},
  year={2018},
  organization={IEEE}
}
@misc{moon2022imu2clip,
      title={IMU2CLIP: Multimodal Contrastive Learning for IMU Motion Sensors from Egocentric Videos and Text}, 
      author={Seungwhan Moon and Andrea Madotto and Zhaojiang Lin and Alireza Dirafzoon and Aparajita Saraf and Amy Bearman and Babak Damavandi},
      year={2022},
      eprint={2210.14395},
      archivePrefix={arXiv},
      primaryClass={cs.CV}
}

@inproceedings{guo2022generating,
  title={Generating diverse and natural 3d human motions from text},
  author={Guo, Chuan and Zou, Shihao and Zuo, Xinxin and Wang, Sen and Ji, Wei and Li, Xingyu and Cheng, Li},
  booktitle={Proceedings of the IEEE/CVF Conference on Computer Vision and Pattern Recognition (CVPR)},
  pages={5152--5161},
  year={2022}
}
@misc{zhang2022motiondiffuse,
      title={MotionDiffuse: Text-Driven Human Motion Generation with Diffusion Model}, 
      author={Mingyuan Zhang and Zhongang Cai and Liang Pan and Fangzhou Hong and Xinying Guo and Lei Yang and Ziwei Liu},
      year={2022},
      eprint={2208.15001},
      archivePrefix={arXiv},
      primaryClass={cs.CV}
}

@inproceedings{mahmood2019amass,
  title={AMASS: Archive of motion capture as surface shapes},
  author={Mahmood, Naureen and Ghorbani, Nima and Troje, Nikolaus F and Pons-Moll, Gerard and Black, Michael J},
  booktitle={Proceedings of the IEEE/CVF International Conference on Computer Vision (ICCV)},
  pages={5442--5451},
  year={2019}
}
@inproceedings{aksan2021spatio,
  title={A spatio-temporal transformer for 3d human motion prediction},
  author={Aksan, Emre and Kaufmann, Manuel and Cao, Peng and Hilliges, Otmar},
  booktitle={2021 International Conference on 3D Vision (3DV)},
  pages={565--574},
  year={2021},
  organization={IEEE}
}
@inproceedings{song2021uncertain,
  title={Uncertain graph neural networks for facial action unit detection},
  author={Song, Tengfei and Chen, Lisha and Zheng, Wenming and Ji, Qiang},
  booktitle={Proceedings of the AAAI Conference on Artificial Intelligence},
  volume={35},
  number={7},
  pages={5993--6001},
  year={2021}
}
@article{schuster1997bidirectional,
  title={Bidirectional recurrent neural networks},
  author={Schuster, Mike and Paliwal, Kuldip K},
  journal={IEEE transactions on Signal Processing},
  volume={45},
  number={11},
  pages={2673--2681},
  year={1997},
  publisher={Ieee}
}
@inproceedings{dittadi2021full,
  title={Full-body motion from a single head-mounted device: Generating smpl poses from partial observations},
  author={Dittadi, Andrea and Dziadzio, Sebastian and Cosker, Darren and Lundell, Ben and Cashman, Thomas J and Shotton, Jamie},
  booktitle={Proceedings of the IEEE/CVF International Conference on Computer Vision (ICCV)},
  pages={11687--11697},
  year={2021}
}
@article{hochreiter1997long,
  title={Long short-term memory},
  author={Hochreiter, Sepp and Schmidhuber, J{\"u}rgen},
  journal={Neural computation},
  volume={9},
  number={8},
  pages={1735--1780},
  year={1997},
  publisher={MIT press}
}
@article{schepers2018xsens,
  title={Xsens MVN: Consistent tracking of human motion using inertial sensing},
  author={Schepers, Martin and Giuberti, Matteo and Bellusci, Giovanni and others},
  journal={Xsens Technol},
  volume={1},
  number={8},
  pages={1--8},
  year={2018}
}
@article{vaswani2017attention,
  title={Attention is all you need},
  author={Vaswani, Ashish and Shazeer, Noam and Parmar, Niki and Uszkoreit, Jakob and Jones, Llion and Gomez, Aidan N and Kaiser, {\L}ukasz and Polosukhin, Illia},
  journal={Advances in Neural Information Processing Systems (NeurIPS)},
  volume={30},
  year={2017}
}
@article{kendall2017uncertainties,
  title={What uncertainties do we need in bayesian deep learning for computer vision?},
  author={Kendall, Alex and Gal, Yarin},
  journal={Advances in Neural Information Processing Systems (NeurIPS)},
  volume={30},
  year={2017}
}
@misc{kingma2014adam,
      title={Adam: A Method for Stochastic Optimization}, 
      author={Diederik P. Kingma and Jimmy Ba},
      year={2017},
      eprint={1412.6980},
      archivePrefix={arXiv},
      primaryClass={cs.LG}
}
@inproceedings{chen2020cross,
  title={Cross-view tracking for multi-human 3d pose estimation at over 100 fps},
  author={Chen, Long and Ai, Haizhou and Chen, Rui and Zhuang, Zijie and Liu, Shuang},
  booktitle={Proceedings of the IEEE/CVF Conference on Computer Vision and Pattern Recognition (CVPR)},
  pages={3279--3288},
  year={2020}
}
@inproceedings{sengupta2023humaniflow,
  title={HuManiFlow: Ancestor-Conditioned Normalising Flows on SO (3) Manifolds for Human Pose and Shape Distribution Estimation},
  author={Sengupta, Akash and Budvytis, Ignas and Cipolla, Roberto},
  booktitle={Proceedings of the IEEE/CVF Conference on Computer Vision and Pattern Recognition (CVPR)},
  pages={4779--4789},
  year={2023}
}
@inproceedings{cao2017realtime,
  title={Realtime multi-person 2d pose estimation using part affinity fields},
  author={Cao, Zhe and Simon, Tomas and Wei, Shih-En and Sheikh, Yaser},
  booktitle={Proceedings of the IEEE/CVF Conference on Computer Vision and Pattern Recognition (CVPR)},
  pages={7291--7299},
  year={2017}
}
@misc{kingma2022autoencoding,
      title={Auto-Encoding Variational Bayes}, 
      author={Diederik P Kingma and Max Welling},
      year={2022},
      eprint={1312.6114},
      archivePrefix={arXiv},
      primaryClass={stat.ML}
}
@inproceedings{he2020momentum,
  title={Momentum contrast for unsupervised visual representation learning},
  author={He, Kaiming and Fan, Haoqi and Wu, Yuxin and Xie, Saining and Girshick, Ross},
  booktitle={Proceedings of the IEEE/CVF Conference on Computer Vision and Pattern Recognition (CVPR)},
  pages={9729--9738},
  year={2020}
}
@misc{kipf2016semi,
      title={Semi-Supervised Classification with Graph Convolutional Networks}, 
      author={Thomas N. Kipf and Max Welling},
      year={2017},
      eprint={1609.02907},
      archivePrefix={arXiv},
      primaryClass={cs.LG}
}
@inproceedings{zhou2019continuity,
  title={On the continuity of rotation representations in neural networks},
  author={Zhou, Yi and Barnes, Connelly and Lu, Jingwan and Yang, Jimei and Li, Hao},
  booktitle={Proceedings of the IEEE/CVF Conference on Computer Vision and Pattern Recognition (CVPR)},
  pages={5745--5753},
  year={2019}
}