@inproceedings{myers2006metatheoretic,
  title={Metatheoretic Plan Summarization and Comparison.},
  author={Myers, Karen L},
  booktitle={ICAPS},
  pages={182--192},
  year={2006}
}

@inproceedings{khan2009minimal,
  title={Minimal Sufficient Explanations for Factored Markov Decision Processes.},
  author={Khan, Omar Zia and Poupart, Pascal and Black, James P},
  booktitle={ICAPS},
  year={2009}
}

@article{khan2011automatically,
  title={Automatically generated explanations for Markov decision processes},
  author={Khan, O and Poupart, Pascal and Black, J and Sucar, LE and Morales, EF and Hoey, J},
  journal={Decision Theory Models for Applications in Artificial Intelligence: Concepts and Solutions},
  pages={144--163},
  year={2011}
}

@article{dodson2011natural,
  title={A natural language argumentation interface for explanation generation in Markov decision processes},
  author={Dodson, Thomas and Mattei, Nicholas and Goldsmith, Judy},
  journal={Algorithmic Decision Theory},
  pages={42--55},
  year={2011},
  publisher={Springer}
}

@inproceedings{seegebarth2012making,
  title={Making hybrid plans more clear to human users-a formal approach for generating sound explanations},
  author={Seegebarth, Bastian and M{\"u}ller, Felix and Schattenberg, Bernd and Biundo, Susanne},
  booktitle={Twenty-Second International Conference on Automated Planning and Scheduling},
  year={2012}
}

@inproceedings{elizalde2007mdp,
  title={An MDP Approach for Explanation Generation.},
  author={Elizalde, Francisco and Sucar, Luis Enrique and Reyes, Alberto and Pablo deBuen},
  booktitle={ExaCt},
  pages={28--33},
  year={2007}
}

@inproceedings{lomas2012explaining,
  title={Explaining robot actions},
  author={Lomas, Meghann and Chevalier, Robert and Cross II, Ernest Vincent and Garrett, Robert Christopher and Hoare, John and Kopack, Michael},
  booktitle={Proceedings of the seventh annual ACM/IEEE international conference on Human-Robot Interaction},
  pages={187--188},
  year={2012},
  organization={ACM}
}

@inproceedings{brooks2010towards,
  title={Towards State Summarization for Autonomous Robots.},
  author={Brooks, Daniel J and Shultz, Abraham and Desai, Munjal and Kovac, Philip and Yanco, Holly A},
  booktitle={AAAI Fall Symposium: Dialog with Robots},
  volume={61},
  pages={62},
  year={2010}
}

@inproceedings{nikolaidis2013human,
  title={Human-robot cross-training: computational formulation, modeling and evaluation of a human team training strategy},
  author={Nikolaidis, Stefanos and Shah, Julie},
  booktitle={Proceedings of the 8th ACM/IEEE international conference on Human-robot interaction},
  pages={33--40},
  year={2013},
  organization={IEEE Press}
}

@inproceedings{hayes2017improving,
  title={Improving Robot Controller Transparency Through Autonomous Policy Explanation},
  author={Hayes, Bradley and Shah, Julie A},
  booktitle={Proceedings of the 2017 ACM/IEEE International Conference on Human-Robot Interaction},
  pages={303--312},
  year={2017},
  organization={ACM}
}

@article{doshi2017towards,
  title={Towards a rigorous science of interpretable machine learning},
  author={Doshi-Velez, Finale and Kim, Been},
  year={2017}
}

@inproceedings{vellido2012making,
  title={Making machine learning models interpretable.},
  author={Vellido, Alfredo and Mart{\'\i}n-Guerrero, Jos{\'e} David and Lisboa, Paulo JG},
  booktitle={ESANN},
  volume={12},
  pages={163--172},
  year={2012}
}

@article{ribeiro2016model,
  title={Model-agnostic interpretability of machine learning},
  author={Ribeiro, Marco Tulio and Singh, Sameer and Guestrin, Carlos},
  journal={arXiv preprint arXiv:1606.05386},
  year={2016}
}

@inproceedings{takayama2011expressing,
  title={Expressing thought: improving robot readability with animation principles},
  author={Takayama, Leila and Dooley, Doug and Ju, Wendy},
  booktitle={Proceedings of the 6th international conference on Human-robot interaction},
  pages={69--76},
  year={2011},
  organization={ACM}
}

@inproceedings{horvitz1999attention,
  title={Attention-sensitive alerting},
  author={Horvitz, Eric and Jacobs, Andy and Hovel, David},
  booktitle={Proceedings of the Fifteenth conference on Uncertainty in artificial intelligence},
  pages={305--313},
  year={1999},
  organization={Morgan Kaufmann Publishers Inc.}
}

@inproceedings{rosman2014giving,
  title={Giving advice to agents with hidden goals},
  author={Rosman, Benjamin and Ramamoorthy, Subramanian},
  booktitle={Robotics and Automation (ICRA), 2014 IEEE International Conference on},
  pages={1959--1964},
  year={2014},
  organization={IEEE}
}

@inproceedings{scerri2002elf,
  title={Why the elf acted autonomously: Towards a theory of adjustable autonomy},
  author={Scerri, Paul and Pynadath, David V and Tambe, Milind},
  booktitle={Proceedings of the first international joint conference on Autonomous agents and multiagent systems: part 2},
  pages={857--864},
  year={2002},
  organization={ACM}
}

@article{horvitz2003models,
  title={Models of attention in computing and communication: from principles to applications},
  author={Horvitz, Eric and Kadie, Carl and Paek, Tim and Hovel, David},
  journal={Communications of the ACM},
  volume={46},
  number={3},
  pages={52--59},
  year={2003},
  publisher={ACM}
}

@article{cummings2008predicting,
  title={Predicting controller capacity in supervisory control of multiple UAVs},
  author={Cummings, Mary L and Mitchell, Paul J},
  journal={Systems, Man and Cybernetics, Part A: Systems and Humans, IEEE Transactions on},
  volume={38},
  number={2},
  pages={451--460},
  year={2008},
  publisher={IEEE}
}

@inproceedings{goodrich2001experiments,
  title={Experiments in adjustable autonomy},
  author={Goodrich, Michael A and Olsen, Dan R and Crandall, Jacob and Palmer, Thomas J},
  booktitle={Proceedings of IJCAI Workshop on Autonomy, Delegation and Control: Interacting with Intelligent Agents},
  pages={1624--1629},
  year={2001}
}

@incollection{fong2002robot,
  title={Robot as partner: Vehicle teleoperation with collaborative control},
  author={Fong, Terrence and Thorpe, Charles and Baur, Charles},
  booktitle={Multi-robot systems: From swarms to intelligent automata},
  pages={195--202},
  year={2002},
  publisher={Springer}
}

@article{tambe2002adjustable,
  title={Adjustable autonomy for the real world},
  author={Tambe, Milind and Scerri, Paul and Pynadath, David V},
  journal={Journal of Artificial Intelligence Research},
  volume={17},
  number={1},
  pages={171--228},
  year={2002}
}

@inproceedings{scerri2004adjustable,
	title={Adjustable autonomy in the context of coordination},
	author={Scerri, Paul and Sycara, Katia and Tambe, Milind},
	booktitle={AIAA 3rd" Unmanned Unlimited" Technical Conference, Workshop and Exhibit},
	year={2004}
}

@inproceedings{torrey2013teaching,
	title={Teaching on a budget: Agents advising agents in reinforcement learning},
	author={Torrey, Lisa and Taylor, Matthew},
	booktitle={Proceedings of the 2013 international conference on Autonomous agents and multi-agent systems},
	pages={1053--1060},
	year={2013},
	organization={International Foundation for Autonomous Agents and Multiagent Systems}
}

@inproceedings{judah2010reinforcement,
	title={Reinforcement Learning Via Practice and Critique Advice.},
	author={Judah, Kshitij and Roy, Saikat and Fern, Alan and Dietterich, Thomas G},
	booktitle={AAAI},
	year={2010}
}

@article{judah2014active,
	title={Active lmitation learning: formal and practical reductions to IID learning},
	author={Judah, Kshitij and Fern, Alan P and Dietterich, Thomas G and others},
	journal={The Journal of Machine Learning Research},
	volume={15},
	number={1},
	pages={3925--3963},
	year={2014},
	publisher={JMLR. org}
}

@inproceedings{paquet2006hybrid,
  title={Hybrid POMDP algorithms},
  author={Paquet, S{\'e}bastien and Chaib-draa, Brahim and Ross, St{\'e}phane},
  booktitle={Proceedings of The Workshop on Multi-Agent Sequential Decision Making in Uncertain Domains (MSDM-06)},
  pages={133--147},
  year={2006},
  organization={Citeseer}
}

@inproceedings{pineda2013fault,
	title={Fault-tolerant planning under uncertainty},
	author={Pineda, Luis and Lu, Yi and Zilberstein, Shlomo and Goldman, Claudia V},
	booktitle={Proceedings of the Twenty-Third international joint conference on Artificial Intelligence},
	pages={2350--2356},
	year={2013},
	organization={AAAI Press}
}

@inproceedings{zilberstein2015building,
  title={Building strong semi-autonomous systems},
  author={Zilberstein, Shlomo},
  booktitle={Proceedings of the 29th AAAI Conference on Artificial Intelligence},
  pages={4088--4092},
  year={2015}
}

@inproceedings{rohlfshagen2011ms,
	title={Ms pac-man versus ghost team cec 2011 competition},
	author={Rohlfshagen, Philipp and Lucas, Simon M},
	booktitle={Evolutionary Computation (CEC), 2011 IEEE Congress on},
	pages={70--77},
	year={2011},
	organization={IEEE}
}

@article{rosensteinsupervised,
  title={Supervised Actor-Critic Reinforcement Learning},
  author={Rosenstein, Michael T and Barto, Andrew G and Si, Jennie and Barto, Andy and Powell, Warren and Wunsch, Donald},
  journal={Handbook of Learning and Approximate Dynamic Programming},
  pages={359--380},
  year={2004},
  publisher={Wiley Online Library}
}

@inproceedings{griffith2013policy,
	title={Policy shaping: Integrating human feedback with reinforcement learning},
	author={Griffith, Shane and Subramanian, Kaushik and Scholz, Jonathan and Isbell, Charles and Thomaz, Andrea L},
	booktitle={Advances in Neural Information Processing Systems},
	pages={2625--2633},
	year={2013}
}

@article{argall2009survey,
	title={A survey of robot learning from demonstration},
	author={Argall, Brenna D and Chernova, Sonia and Veloso, Manuela and Browning, Brett},
	journal={Robotics and autonomous systems},
	volume={57},
	number={5},
	pages={469--483},
	year={2009},
	publisher={Elsevier}
}

@inproceedings{wray2015multi,
	title={Multi-Objective MDPs with Conditional Lexicographic Reward Preferences},
	author={Wray, Kyle Hollins and Zilberstein, Shlomo and Mouaddib, Abdel-Illah},
	booktitle={Proc. of the 29th International Conference on Artificial Intelligence (AAAI)},
	pages={3418--3424},
	year={2015}
}
@article{clouse1996integrating,
	title={On integrating apprentice learning and reinforcement learning},
	author={Clouse, Jeffery Allen},
	year={1996}
}

@article{loftin2015learning,
  title={Learning behaviors via human-delivered discrete feedback: modeling implicit feedback strategies to speed up learning},
  author={Loftin, Robert and Peng, Bei and MacGlashan, James and Littman, Michael L and Taylor, Matthew E and Huang, Jeff and Roberts, David L},
  journal={Autonomous Agents and Multi-Agent Systems},
  pages={1--30},
  year={2015},
  publisher={Springer}
}



@inproceedings{chernova2007confidence,
  title={Confidence-based policy learning from demonstration using gaussian mixture models},
  author={Chernova, Sonia and Veloso, Manuela},
  booktitle={Proceedings of the 6th international joint conference on Autonomous agents and multiagent systems},
  pages={233},
  year={2007},
  organization={ACM}
}

@inproceedings{knox2010combining,
  title={Combining manual feedback with subsequent MDP reward signals for reinforcement learning},
  author={Knox, W Bradley and Stone, Peter},
  booktitle={Proceedings of the 9th International Conference on Autonomous Agents and Multiagent Systems: volume 1-Volume 1},
  pages={5--12},
  year={2010},
  organization={International Foundation for Autonomous Agents and Multiagent Systems}
}


@inproceedings{abbeel2004apprenticeship,
  title={Apprenticeship learning via inverse reinforcement learning},
  author={Abbeel, Pieter and Ng, Andrew Y},
  booktitle={Proceedings of the twenty-first international conference on Machine learning},
  pages={1},
  year={2004},
  organization={ACM}
}


@inproceedings{mok2015timing,
  title={Timing of unstructured transitions of control in automated driving},
  author={Mok, Brian Ka-Jun and Johns, Mishel and Lee, Key Jung and Ive, Hillary Page and Miller, David and Ju, Wendy},
  booktitle={Intelligent Vehicles Symposium (IV), 2015 IEEE},
  pages={1167--1172},
  year={2015},
  organization={IEEE}
}

@article{millerdistraction,
  title={Distraction* Becomes* Engagement* in* Automated* Driving},
  author={Miller, David and Sun, Annabel and Johns, Mishel and Ive, Hillary and Sirkin, David and Aich, Sudipto and Ju, Wendy}
}

@inproceedings{lee2014partially,
  title={Partially intelligent automobiles and driving experience at the moment of system transition},
  author={Lee, Key Jung and Joo, Yeon Kyoung and Nass, Clifford},
  booktitle={Proceedings of the SIGCHI Conference on Human Factors in Computing Systems},
  pages={3631--3634},
  year={2014},
  organization={ACM}
}

@inproceedings{miller2015distraction,
  title={Distraction Becomes Engagement in Automated Driving},
  author={Miller, David and Sun, Annabel and Johns, Mishel and Ive, Hillary and Sirkin, David and Aich, Sudipto and Ju, Wendy},
  booktitle={Proceedings of the Human Factors and Ergonomics Society Annual Meeting},
  volume={59},
  number={1},
  pages={1676--1680},
  year={2015},
  organization={SAGE Publications}
}

@article{vitter1985random,
  title={Random sampling with a reservoir},
  author={Vitter, Jeffrey S},
  journal={ACM Transactions on Mathematical Software (TOMS)},
  volume={11},
  number={1},
  pages={37--57},
  year={1985},
  publisher={ACM}
}

@conference {amirIjcaiRL,
	title = {Interactive Teaching Strategies for Agent Training},
	journal = {IJCAI},
	year = {2016},
	address = {New York City, USA},
	author = {Amir, Ofra and Ece Kamar and Andrey Kolobov and Barbara Grosz}
}


@article{borenstein2009converting,
  title={Converting among effect sizes},
  author={Borenstein, Michael and Hedges, Larry V and Higgins, Julian and Rothstein, Hannah R},
  journal={Introduction to meta-analysis},
  pages={45--49},
  year={2009},
  publisher={Wiley Online Library}
}

@article{chen2010big,
  title={How big is a big odds ratio? Interpreting the magnitudes of odds ratios in epidemiological studies},
  author={Chen, Henian and Cohen, Patricia and Chen, Sophie},
  journal={Communications in Statistics—Simulation and Computation{\textregistered}},
  volume={39},
  number={4},
  pages={860--864},
  year={2010},
  publisher={Taylor \& Francis}
}

@inproceedings{glass2008toward,
  title={Toward establishing trust in adaptive agents},
  author={Glass, Alyssa and McGuinness, Deborah L and Wolverton, Michael},
  booktitle={Proceedings of the 13th international conference on Intelligent user interfaces},
  pages={227--236},
  year={2008},
  organization={ACM}
}

@inproceedings{devin2016implemented,
  title={An implemented theory of mind to improve human-robot shared plans execution},
  author={Devin, Sandra and Alami, Rachid},
  booktitle={Human-Robot Interaction (HRI), 2016 11th ACM/IEEE International Conference on},
  pages={319--326},
  year={2016},
  organization={IEEE}
}

@article{norman1983some,
  title={Some observations on mental models},
  author={Norman, Donald A},
  journal={Mental models},
  year={1983},
  volume={7},
  number={112},
  pages={7--14},
  publisher={Hillsdale,, USA}
}

@article{holm79:simple,
Author = {Holm, S.},
Date-Added = {2010-11-14 20:12:04 -0500},
Date-Modified = {2010-11-14 20:12:04 -0500},
Journal = {Scandinavian Journal of Statistics},
Number = {65-70},
Pages = {1979},
Title = {{A simple sequentially rejective multiple test procedure}},
Volume = {6},
Year = {1979}}

@article{shaffer95:multiple,
Author = {Shaffer, Juliet P.},
Date-Added = {2010-11-14 20:12:04 -0500},
Date-Modified = {2015-04-11 16:23:29 +0000},
Journal = {Annual Review of Psychology},
Keywords = {bonferroni, statistical-analysis},
Pages = {561--584},
Title = {Multiple Hypothesis-Testing},
Volume = {46},
Year = {1995},
Bdsk-Url-1 = {http://arjournals.annualreviews.org/doi/abs/10.1146/annurev.ps.46.020195.003021}}

@article{stone2016artificial,
  title={Artificial intelligence and life in 2030},
  author={Stone, Peter and Brooks, Rodney and Brynjolfsson, Erik and Calo, Ryan and Etzioni, Oren and Hager, Greg and Hirschberg, Julia and Kalyanakrishnan, Shivaram and Kamar, Ece and Kraus, Sarit and Leyton-Brown, Kevin and Parkes, David and Press William and Saxenian AnnaLee and Shah Julie and Tambe Milind and Teller Astro},
  journal={One Hundred Year Study on Artificial Intelligence: Report of the 2015-2016 Study Panel},
  year={2016}
}

@inproceedings{kim2014bayesian,
  title={The bayesian case model: A generative approach for case-based reasoning and prototype classification},
  author={Kim, Been and Rudin, Cynthia and Shah, Julie A},
  booktitle={Advances in Neural Information Processing Systems},
  pages={1952--1960},
  year={2014}
}
