%% This BibTeX bibliography file was created using BibDesk.
%% http://bibdesk.sourceforge.net/

%% Created for Omer Lev at 2018-11-13 21:58:36 +0200 


%% Saved with string encoding Unicode (UTF-8) 

@inproceedings{KMP18,
	Author = {Anson Kahng and Simon Mackenzie and Ariel D. Procaccia},
	Title = {Liquid Democracy: An Algorithmic Perspective},
	Booktitle = proc # {32nd} # aaai,
	Pages = {1095--1102},
	Year = {2018}
}

@inproceedings{CMMMO17,
	Author = {Gal Cohensius and Shie Mannor and Reshef Meir and Eli Meirom and Ariel Orda},
	Title = {Proxy Voting for Better Outcomes},
	Booktitle = proc # {16th} # aamas,
	Pages = {858--866},
	Year = {2017}}

@article{CM10,
	Author = {Vincent Conitzer and Makoto Yokoo},
	Journal = {AI Magazine},
	Number = {4},
	Pages = {65--77},
	Title = {Using Mechanism Design to Prevent False-Name Manipulations},
	Volume = {31},
	Year = {2010}}

@article{BCHL+15,
	Author = {C. Boutilier and I. Caragiannis and S. Haber and T. Lu and A. D. Procaccia and O. Sheffet},
	Journal = {Artificial Intelligence},
	Pages = {190--213},
	Title = {Optimal Social Choice Functions: A Utilitarian View},
	Volume = {227},
	Year = {2015}}

@inproceedings{NW13,
	Author = {Nina Narodytska and Toby Walsh},
	Booktitle = proc # {12th} # aamas,
	Pages = {423--430},
	Title = {Manipulating two stage voting rules},
	Year = {2013}}

@article{Bla48,
	Author = {Black, Duncan},
	Journal = {Journal of Political Economy},
	Pages = {23--34},
	Title = {On the Rationale of Group Decision-Making},
	Volume = {56},
	Year = {1948}}

@article{STVW18,
	Author = {John Sides and Chris Tausanovitch and Lynn Vavreck and Christopher Warshaw},
	Journal = {British Journal of Political Science},
	Pages = {1--9},
	Title = {On the Representativeness of Primary Electorates},
	Year = {2018}}

@article{Nor04,
	Author = {Helmut Norpoth},
	Journal = {PS: Political Science \& Politics},
	Number = {4},
	Pages = {737--740},
	Title = {From Primary to General Election: A Forecast of the Presidential Vote},
	Volume = {37},
	Year = {2004}}

@article{Haz97,
	Author = {Reuven Y. Hazan},
	Journal = {Electoral Studies},
	Number = {1},
	Pages = {95--103},
	Title = {The 1996 intra-party elections in Israel: Adopting party primaries},
	Volume = {16},
	Year = {1997}}

@article{Wau10,
	Author = {Bram Wauters},
	Journal = {Party Politics},
	Number = {2},
	Pages = {237--259},
	Title = {Explaining Participation in Intra-Party Elections: Evidence from Belgian Political Parties},
	Volume = {16},
	Year = {2010}}

@article{JW10,
	Author = {Richard Jobson and Mark Wickham-Jones},
	Journal = {British Politics},
	Number = {4},
	Pages = {525--548},
	Title = {Gripped by the past: Nostalgia and the 2010 Labour party leadership contest},
	Volume = {5},
	Year = {2010}}

@book{CK13,
	Editor = {William P. Cross and Richard S. Katz},
	Publisher = {Oxford University Press},
	Title = {The Challenges of Intra-Party Democracy},
	Year = {2013}}

@article{Ken09,
	Author = {Ofer Kenig},
	Journal = {Journal of Elections, Public Opinion and Parties},
	Number = {4},
	Pages = {433--447},
	Title = {Classifying Party Leaders' Selection Methods in Parliamentary Democracies},
	Volume = {19},
	Year = {2009}}

@article{CB11,
	Author = {William P. Cross and Andr{\'e} Blais},
	Journal = {Party Politics},
	Number = {2},
	Pages = {127--150},
	Title = {Who selects the party leader?},
	Volume = {18},
	Year = {2011}}

@article{BTT92,
	Author = {John J. {Bartholdi III} and Craig A. Tovey and Michael A. Trick},
	Journal = {Mathematical and Computer Modelling},
	Number = {8--9},
	Pages = {27--40},
	Title = {How hard is it to control an election?},
	Volume = {16},
	Year = {1992}}

@inproceedings{BC15,
	Author = {Markus Brill and Vincent Conitzer},
	Booktitle = proc # {29th} # aaai,
	Pages = {819--826},
	Title = {Strategic Voting and Strategic Candidacy},
	Year = {2015}}

@inproceedings{PORKJ15,
	Author = {Maria Polukarov and Svetlana Obraztsova and Zinovi Rabinovich and Alexander Kruglyi and Nicholas R. Jennings},
	Booktitle = proc # {24th} # ijcai,
	Pages = {624--630},
	Title = {Convergence to Equilibria in Strategic Candidacy},
	Year = {2015}}

@article{DJL02,
	Author = {Bhaskar Dutta and Matthew O. Jackson and Michel {Le Breton}},
	Date-Added = {2018-09-02 11:27:38 AM +0300},
	Date-Modified = {2018-09-02 11:28:47 AM +0300},
	Journal = {Journal of Economic Theory},
	Month = {March},
	Number = {1},
	Pages = {190-218},
	Title = {Voting by Successive Elimination and Strategic Candidacy},
	Volume = {103},
	Year = {2002}}

@article{DJL01,
	Author = {Bhaskar Dutta and Matthew O. Jackson and Michel {Le Breton}},
	Date-Added = {2018-09-02 11:19:22 AM +0300},
	Date-Modified = {2018-09-02 11:28:59 AM +0300},
	Journal = {Econometrica},
	Month = {July},
	Number = {4},
	Pages = {1013-1037},
	Title = {Strategic Candidacy and Voting Procedures},
	Volume = {69},
	Year = {2001}}

@inproceedings{FFG16,
	Address = {Maastricht, The Netherlands},
	Author = {Michal Feldman and Amos Fiat and Iddan Golomb},
	Booktitle = {Proceedings of the 17th ACM Conference on Economics and Computation (EC)},
	Date-Added = {2018-09-02 012:09:07 AM +0300},
	Date-Modified = {2018-09-02 012:11:39 AM +0300},
	Month = {July},
	Pages = {269-286},
	Title = {On Voting and Facility Location},
	Year = {2016}}

@article{AP17,
	Author = {Elliot Anshelevich and John Postl},
	Date-Added = {2018-09-02 012:01:52 AM +0300},
	Date-Modified = {2018-09-02 012:03:04 AM +0300},
	Journal = {Journal of Artificial Intelligence Research},
	Month = {January},
	Number = {1},
	Pages = {797-827},
	Title = {Randomized Social Choice Functions Under Metric Preferences},
	Volume = {58},
	Year = {2017}}

@inproceedings{ABP15,
	Author = {E. Anshelevich and O. Bhardwaj and J. Postl},
	Booktitle = proc # {29th} # aaai,
	Pages = {777--783},
	Title = {Approximating Optimal Social Choice under Metric Preferences},
	Year = {2015}}

@inproceedings{SE17,
	Address = {San Francisco, California},
	Author = {Piotr Skowron and Edith Elkind},
	Booktitle = {Proceedings of the 31st AAAI Conference on Artificial Intelligence (AAAI)},
	Date-Added = {2018-09-01 2311:54:52 PM +0300},
	Date-Modified = {2018-09-01 2311:56:19 PM +0300},
	Month = {February},
	Pages = {706-712},
	Title = {Social Choice Under Metric Preferences: Scoring Rules and STV},
	Year = {2017}}

@inproceedings{PR06,
	Address = {Edinburgh, Great Britain},
	Author = {Ariel D. Procaccia and Jeffrey S. Rosenschein},
	Booktitle = {Proceedings of the 10th International Workshop on Cooperative Information Agents (CIA)},
	Date-Added = {2018-09-01 2210:45:41 PM +0300},
	Date-Modified = {2018-09-01 2210:47:51 PM +0300},
	Month = {September},
	Pages = {317-331},
	Title = {The Distortion of Cardinal Preferences in Voting},
	Year = {2006}}

@book{Dow57,
	Author = {Anthony Downs},
	Date-Added = {2018-09-01 2210:38:40 PM +0300},
	Date-Modified = {2018-09-01 2210:40:32 PM +0300},
	Publisher = {Harper and Row},
	Title = {An Economic Theory of Democracy},
	Year = {1957}}

@book{Sch08,
	Author = {Norman Schofield},
	Date-Added = {2018-09-01 2210:34:33 PM +0300},
	Date-Modified = {2018-09-01 2210:35:25 PM +0300},
	Number = {95},
	Publisher = {Routledge},
	Series = {Routledge Frontiers of Political Economy},
	Title = {The Spatial Model of Politics},
	Year = {2008}}

@book{CKNZ08,
	Author = {Marty Cohen and David Karol and Hans Noel and John Zaller},
	Date-Added = {2018-08-24 44:12:00 AM +0300},
	Date-Modified = {2018-08-24 44:18:38 AM +0300},
	Publisher = {University of Chicago Press},
	Title = {The Party Decides: Presidential Nominations Before and After Reform},
	Year = {2008}}

@book{Wil05,
	Author = {Sean Wilentz},
	Date-Added = {2018-08-24 33:35:12 AM +0300},
	Date-Modified = {2018-08-24 33:35:12 AM +0300},
	Publisher = {Norton},
	Title = {The Rise of American Democracy},
	Year = {2005}}

@book{Sim07,
	Author = {Brendan Simms},
	Date-Added = {2018-08-24 33:28:37 AM +0300},
	Date-Modified = {2018-08-24 33:36:33 AM +0300},
	Publisher = {Allen Lane},
	Title = {Three Victories and a Defeat: The Rise and Fall of the First British Empire, 1714-1783},
	Year = {2007}}

@book{HMJ87,
	Author = {Alexander Hamilton and James Madison and John Jay},
	Date-Added = {2018-08-24 22:47:23 AM +0300},
	Date-Modified = {2018-08-24 22:49:53 AM +0300},
	Publisher = {The Independent Journal},
	Title = {The Federalist Papers},
	Year = {1787}}

@misc{Mac16,
	Annotate = {This article was published in the New York Times.},
	Author = {Alec MacGillis},
	Date-Added = {2018-08-24 012:41:07 AM +0300},
	Date-Modified = {2018-08-24 012:41:07 AM +0300},
	Howpublished = {New York Times},
	Month = {October 23},
	Title = {Go Midwest, Young Hipster},
	Year = {2016}}

@inproceedings{ZZL18,
	Address = {Stockholm, Sweden},
	Author = {Tal Ze'evi and Roie Zivan and Omer Lev},
	Booktitle = {Proceedings of the 27th International Joint Conference on Artificial Intelligence (IJCAI)},
	Date-Added = {2018-04-20 11:17:25 AM +0000},
	Date-Modified = {2018-04-20 11:18:50 AM +0000},
	Month = {July},
	Organization = {to be published},
	Title = {Socially Motivated Partial Cooperation in Multi-agent Local Search},
	Year = {2018}}

@inproceedings{BLSS18,
	Address = {Stockholm, Sweden},
	Author = {Allan Borodin and Omer Lev and Nisarg Shah and Tyrone Strangway},
	Booktitle = {Proceedings of the 27th International Joint Conference on Artificial Intelligence (IJCAI)},
	Date-Added = {2018-04-20 11:15:14 AM +0000},
	Date-Modified = {2018-04-20 11:19:05 AM +0000},
	Month = {July},
	Organization = {to be published},
	Title = {Big City vs. the Great Outdoors: Voter Distribution and How it Affects Gerrymandering},
	Year = {2018}}

@inproceedings{ABL18,
	Address = {Stockholm, Sweden},
	Author = {Atiyeh Ashari-Ghomi and Allan Borodin and Omer Lev},
	Booktitle = {Proceedings of the 17th International Coference on Autonomous Agents and Multiagent Systems (AAMAS)},
	Date-Added = {2018-04-20 11:10:45 AM +0000},
	Date-Modified = {2018-04-20 11:14:41 AM +0000},
	Month = {July},
	Organization = {to be published},
	Title = {Seasonal Goods and Spoiled Milk: Pricing for a Limited Shelf-Life},
	Year = {2018}}

@inproceedings{LT17,
	Address = {Liverpool, Great Britain},
	Author = {Omer Lev and Moshe Tennenholtz},
	Booktitle = {dings of the 16th Conference on Theoretical Aspects of Rationality and Knowledge (TARK)},
	Date-Added = {2018-04-20 012:56:01 AM +0000},
	Date-Modified = {2018-04-20 012:58:05 AM +0000},
	Month = {July},
	Pages = {382-397},
	Title = {Group Recommendations: Axioms, Impossibilities, and Random Walks},
	Year = {2016}}

@misc{DOT08,
	Author = {U.S. Department of Transportation Federal Highway Administration},
	Date-Added = {2018-04-19 2311:43:39 PM +0000},
	Date-Modified = {2018-04-20 012:42:08 AM +0000},
	Title = {Economics: Pricing, Demand, and Economic Efficiency},
	Url = {https://ops.fhwa.dot.gov/publications/fhwahop08041/fhwahop08041.pdf},
	Year = {2008},
	Bdsk-Url-1 = {https://ops.fhwa.dot.gov/publications/fhwahop08041/fhwahop08041.pdf}}

@book{Woo09,
	Author = {Michael Wooldridge},
	Date-Added = {2018-04-19 219:58:35 PM +0000},
	Date-Modified = {2018-04-20 012:37:49 AM +0000},
	Publisher = {John Wiley \& Sons},
	Title = {An Introduction to MultiAgent Systems},
	Year = {2009}}

@book{SL08,
	Author = {Yoav Shoham and Kevin Leyton-Brown},
	Date-Added = {2018-04-19 219:55:11 PM +0000},
	Date-Modified = {2018-04-19 219:57:27 PM +0000},
	Publisher = {Cambridge University Press},
	Title = {Multiagent Systems: Algorithmic, Game-Theoretic, and Logical Foundations},
	Year = {2008}}

@article{Kag61,
	Author = {Donald Kagan},
	Date-Added = {2018-01-28 131:48:32 PM +0000},
	Date-Modified = {2018-01-28 131:49:23 PM +0000},
	Journal = {Hesperia: The Journal of the American School of Classical Studies at Athens},
	Month = {October-December},
	Number = {4},
	Pages = {393-401},
	Title = {The Origin and Purposes of Ostracism},
	Volume = {30},
	Year = {1961}}

@book{Sta72,
	Author = {E.S. Staveley},
	Date-Added = {2018-01-28 131:40:03 PM +0000},
	Date-Modified = {2018-01-28 131:52:13 PM +0000},
	Publisher = {Thames \& Hudson},
	Title = {Greek and Roman voting and elections},
	Year = {1972}}

@article{Las09,
	Author = {Jean-Fran{\c c}ois Laslier},
	Date-Added = {2018-01-25 77:54:18 AM +0000},
	Date-Modified = {2018-01-25 77:55:39 AM +0000},
	Journal = {Journal of Theoretical Politics},
	Month = {January},
	Number = {1},
	Pages = {113-136},
	Title = {The Leader Rule: A Model of Strategic Approval Voting in a Large Electorate},
	Volume = {21},
	Year = {2009}}

@article{Aum99,
	Author = {Robert J. Aumann},
	Date-Added = {2018-01-24 66:56:56 AM +0000},
	Date-Modified = {2018-01-24 77:21:21 AM +0000},
	Journal = {International Journal of Game Theory},
	Month = {August},
	Number = {3},
	Pages = {263-300},
	Title = {Interactive epistemology {I}: Knowledge},
	Volume = {28},
	Year = {1999}}

@article{Aum95,
	Author = {Robert J. Aumann},
	Date-Added = {2018-01-24 66:55:52 AM +0000},
	Date-Modified = {2018-01-24 66:56:40 AM +0000},
	Journal = {Games and Economic Behavior},
	Number = {1},
	Pages = {6-19},
	Title = {Backward induction and common knowledge of rationality},
	Volume = {6},
	Year = {1995}}

@inproceedings{KSLR17,
	Address = {Melbourne, Australia},
	Author = {Aaron Koolyk and Tyrone Strangway and Omer Lev and Jeffrey S. Rosenschein},
	Booktitle = {Proceedings of the 26th International Joint Conference on Artificial Intelligence (IJCAI)},
	Date-Added = {2018-01-24 55:37:25 AM +0000},
	Date-Modified = {2018-01-24 55:38:33 AM +0000},
	Month = {August},
	Pages = {273-279},
	Title = {Convergence and Quality of Iterative Voting Under Non-Scoring Rules},
	Year = {2017}}

@incollection{ME17,
	Author = {Reshef Meir},
	Booktitle = {Trends in Computational Social Choice},
	Chapter = {4},
	Date-Added = {2018-01-24 22:32:01 AM +0000},
	Date-Modified = {2018-01-24 22:33:32 AM +0000},
	Editor = {Ulle Endriss},
	Pages = {69-86},
	Publisher = {AI Access},
	Title = {Iterative Voting},
	Year = {2017}}

@book{End17,
	Date-Added = {2018-01-24 22:30:55 AM +0000},
	Date-Modified = {2018-01-24 22:31:59 AM +0000},
	Editor = {Ulle Endriss},
	Publisher = {AI Access},
	Title = {Trends in Computational Social Choice},
	Year = {2017}}

@inproceedings{AKWX16,
	Address = {The Hague, The Netherlands},
	Author = {Haris Aziz and Thomas Kalinowski and Toby Walsh and Lirong Xia},
	Booktitle = {Proceedings of the 22nd European Conference on Artificial Intelligence (ECAI)},
	Date-Added = {2018-01-18 012:50:10 AM +0000},
	Date-Modified = {2018-01-18 012:55:39 AM +0000},
	Month = {August},
	Pages = {787-794},
	Title = {Welfare of Sequential Allocation Mechanisms for Indivisible Goods},
	Year = {2016}}

@article{BBCFNW15,
	Author = {Ren{\'e} van Bevern and Robert Bredereck and Jiehua Chen and Vincent Froese and Rolf Niedermeier and Gerhard J. Woeginger},
	Date-Added = {2018-01-17 99:13:15 AM +0000},
	Date-Modified = {2018-01-17 99:14:54 AM +0000},
	Journal = {SIAM Journal on Discrete Mathematics},
	Number = {2},
	Pages = {888-914},
	Title = {Network-Based Vertex Dissolution},
	Volume = {29},
	Year = {2015}}

@book{Rog62,
	Author = {Everett M. Rogers},
	Date-Added = {2017-12-23 2210:38:25 PM +0000},
	Date-Modified = {2017-12-23 2210:40:23 PM +0000},
	Publisher = {Free Press of Glencoe},
	Title = {Diffusion of Innovations},
	Year = {1962}}

@article{MN15,
	Author = {Ethan Mollick and Ramana Nanda},
	Date-Added = {2017-12-03 012:46:54 AM +0000},
	Date-Modified = {2017-12-03 012:46:54 AM +0000},
	Journal = {Management Science},
	Number = {6},
	Pages = {1533-1553},
	Title = {Wisdom or madness? Comparing crowds with expert evaluation in funding the arts},
	Volume = {62},
	Year = {2015}}

@misc{Hos14,
	Author = {Robert Hoskins},
	Date-Added = {2017-12-03 012:45:57 AM +0000},
	Date-Modified = {2017-12-03 012:46:02 AM +0000},
	Howpublished = {http://crowdfundingpr.wordpress.com/2013/06/12/crowdfunding-press-center-releases-the-first-global-100-crowdfunding-site-index/},
	Lastchecked = {7/7/2014},
	Month = {July},
	Title = {Global 100 Crowdfunding Index},
	Url = {http://crowdfundingpr.wordpress.com/2013/06/12/crowdfunding-press-center-releases-the-first-global-100-crowdfunding-site-index/},
	Year = {2014},
	Bdsk-Url-1 = {http://crowdfundingpr.wordpress.com/2013/06/12/crowdfunding-press-center-releases-the-first-global-100-crowdfunding-site-index/}}

@article{MV07,
	Author = {Alejandro M. Manelli and Daniel R. Vincent},
	Date-Added = {2017-07-03 02:07:12 +0000},
	Date-Modified = {2017-07-03 02:07:20 +0000},
	Journal = {Journal of Economic Theory},
	Month = {November},
	Number = {1},
	Pages = {153--185},
	Title = {Multidimensional Mechanism Design: Revenue Maximization and the Multiple-Good Monopoly},
	Volume = {137},
	Year = {2007}}

@inproceedings{OLMRR17,
	Address = {S{\~a}o-Paulo, Brazil},
	Author = {Svetlana Obraztsova and Omer Lev and Evangelos Markakis and Zinovi Rabinovich and Jeffrey S. Rosenschein},
	Booktitle = {Proceedings of the 16th International Coference on Autonomous Agents and Multiagent Systems (AAMAS)},
	Date-Added = {2017-06-14 01:59:12 +0000},
	Date-Modified = {2017-06-14 02:00:33 +0000},
	Month = {May},
	Pages = {885-892},
	Title = {Distant Truth: Bias Under Vote Distortion Cost},
	Year = {2017}}

@inproceedings{LLR17,
	Address = {S{\~a}o-Paulo, Brazil},
	Author = {Yoad Lewenberg and Omer Lev and Jeffrey S. Rosenschein},
	Booktitle = {Proceedings of the 16th International Coference on Autonomous Agents and Multiagent Systems (AAMAS)},
	Date-Added = {2017-06-14 01:57:26 +0000},
	Date-Modified = {2017-06-14 01:58:50 +0000},
	Month = {May},
	Pages = {624-632},
	Title = {Divide and Conquer: Using Geographic Manipulation to Win District-Based Elections},
	Year = {2017}}

@techreport{ZGMZG15,
	Author = {Cheng Zhang and Mike Gartrell and Thomas P. Minka and Yordan Zaykov and John Guiver},
	Date-Added = {2017-02-23 16:00:05 +0000},
	Date-Modified = {2017-02-23 16:00:05 +0000},
	Institution = {Microsoft Research},
	Month = {July},
	Number = {MSR-TR--2015-61},
	Title = {GroupBox: A generative model for group recommendation},
	Year = {2015}}

@book{Gra12,
	Author = {Alex Graves},
	Date-Added = {2017-02-06 03:12:08 +0000},
	Date-Modified = {2017-02-06 03:12:44 +0000},
	Publisher = {Springer},
	Title = {Supervised Sequence Labelling with Recurrent Neural Networks},
	Year = {2012}}

@article{Wei80,
	Author = {Neil D. Weinstein},
	Date-Added = {2017-01-27 16:52:21 +0000},
	Date-Modified = {2017-01-27 16:52:21 +0000},
	Journal = {Journal of Personality and Social Psychology},
	Number = {5},
	Pages = {806-820},
	Title = {Unrealistic Optimism About Future Life Events},
	Volume = {39},
	Year = {1980}}

@inproceedings{Mei16,
	Address = {Liverpool, Great Britain},
	Author = {Reshef Meir},
	Booktitle = {Proceedings of the 9th International Symposium on Algorithmic Game Theory (SAGT)},
	Date-Added = {2017-01-27 00:59:44 +0000},
	Date-Modified = {2017-01-27 01:01:16 +0000},
	Month = {September},
	Pages = {182-194},
	Title = {Strong and Weak Acyclicity in Iterative Voting},
	Year = {2016}}

@inproceedings{HGG14,
	Address = {Baltimore, Maryland},
	Author = {Julie S. Hui and Michael D. Greenberg and Elizabeth M. Gerber},
	Booktitle = {Proceedings of the 17th ACM conference on Computer supported cooperative work and social computing (CSCW)},
	Date-Added = {2017-01-24 17:13:20 +0000},
	Date-Modified = {2017-01-24 17:15:39 +0000},
	Month = {February},
	Pages = {62-74},
	Title = {Understanding the Role of Community in Crowdfunding Work},
	Year = {2014}}

@techreport{ACG11,
	Author = {Ajay K. Agrawal and Christian Catalini and Avi Goldfarb},
	Date-Added = {2017-01-24 16:45:51 +0000},
	Date-Modified = {2017-01-24 16:45:51 +0000},
	Institution = {National Bureau of Economic Research (NBER)},
	Month = {February},
	Number = {16820},
	Title = {The Geography of Crowdfunding},
	Type = {Working Paper},
	Year = {2011}}

@inproceedings{AQC14,
	Address = {Seoul, South Korea},
	Author = {Jisun An and Daniele Quercia and Jon Crowcroft},
	Booktitle = {Proceedings of the 23rd international conference on World wide web (WWW)},
	Date-Added = {2017-01-24 16:45:38 +0000},
	Date-Modified = {2017-01-24 16:45:38 +0000},
	Month = {April},
	Pages = {261-270},
	Title = {Recommending investors for crowdfunding projects},
	Year = {2014}}

@article{BGW13,
	Author = {Gordon Burtch and Anindya Ghose and Sunil Wattal},
	Date-Added = {2017-01-24 16:45:31 +0000},
	Date-Modified = {2017-01-24 16:45:31 +0000},
	Journal = {Information System Research},
	Month = {September},
	Number = {3},
	Pages = {499-519},
	Title = {An Empirical Examination of the Antecedents and Consequences of Contribution Patterns in Crowd-Funded Markets},
	Volume = {24},
	Year = {2013}}

@techreport{KB13,
	Author = {Venkat Kuppuswamy and Barry L. Bayus},
	Date-Added = {2017-01-24 16:45:24 +0000},
	Date-Modified = {2017-01-24 16:45:24 +0000},
	Institution = {University of North Carolina Kenan-Flagler Business School},
	Number = {2013-15},
	Title = {Crowdfunding Creative Ideas: The Dynamics of Project Backers in Kickstarter},
	Type = {Working Paper},
	Year = {2013}}

@article{Mol14,
	Author = {Ethan R. Mollick},
	Date-Added = {2017-01-24 16:45:19 +0000},
	Date-Modified = {2017-01-24 16:45:19 +0000},
	Journal = {Journal of Business Venturing},
	Month = {January},
	Number = {1},
	Pages = {1-16},
	Title = {The Dynamics of Crowdfunding: An Exploratory Study},
	Volume = {29},
	Year = {2014}}

@inproceedings{XYRFHB14,
	Address = {Toronto, Canada},
	Author = {Anbang Xu and Xiao Yang and Huaming Rao and Wai-Tat Fu and Shih-Wen Huang and Brian P. Bailey},
	Booktitle = {Proceedings of the SIGCHI Conference on Human Factors in Computing Systems (CHI)},
	Date-Added = {2017-01-24 16:45:11 +0000},
	Date-Modified = {2017-01-24 16:45:11 +0000},
	Month = {April},
	Pages = {591-600},
	Title = {Show me the money!: an analysis of project updates during crowdfunding campaigns},
	Year = {2014}}

@inproceedings{MG14,
	Address = {Baltimore, Maryland},
	Author = {Tanushree Mitra and Eric Gilbert},
	Booktitle = {Proceedings of the 17th ACM Conference on Computer Supported Cooperative Work \& Social Computing (CSCW)},
	Date-Added = {2017-01-24 16:45:03 +0000},
	Date-Modified = {2017-01-24 16:45:03 +0000},
	Month = {February},
	Pages = {49-61},
	Title = {The language that gets people to give: phrases that predict success on kickstarter},
	Year = {2014}}

@article{GH13,
	Author = {Elizabeth M. Gerber and Julie Hui},
	Date-Added = {2017-01-24 16:44:57 +0000},
	Date-Modified = {2017-01-24 16:44:57 +0000},
	Journal = {ACM Transactions on Computer-Human Interaction (TOCHI)},
	Month = {December},
	Number = {6},
	Pages = {1-32},
	Title = {Crowdfunding: Motivations and deterrents for participation},
	Volume = {20},
	Year = {2013}}

@inproceedings{EGT13,
	Address = {Boston, Massachusetts},
	Author = {Vincent Etter and Matthias Grossglauser and Patrick Thiran},
	Booktitle = {Proceedings of 1st ACM Conference on Online Social Networks (COSN)},
	Date-Added = {2017-01-24 16:44:50 +0000},
	Date-Modified = {2017-01-24 16:44:50 +0000},
	Month = {October},
	Pages = {177-182},
	Title = {Launch hard or go home!: predicting the success of kickstarter campaigns},
	Year = {2013}}

@techreport{CJKS14,
	Author = {Kevin Chen and Brock Jones and Isaac Kim and Brooklyn Schlamp},
	Date-Added = {2017-01-24 16:44:42 +0000},
	Date-Modified = {2017-01-24 16:44:42 +0000},
	Institution = {CalTech},
	Title = {KickPredict: Predicting Kickstarter Success},
	Year = {2014}}

@inproceedings{DPHG13,
	Address = {Paris, France},
	Author = {Michael D. Greenberg and Bryan Pardo and Karthic Hariharan and Elizabeth Gerber},
	Booktitle = {Proceedings of the SIGCHI Conference on Human Factors in Computing Systems (CHI)},
	Date-Added = {2017-01-24 16:44:33 +0000},
	Date-Modified = {2017-01-24 16:44:33 +0000},
	Month = {April},
	Pages = {1815-1820},
	Title = {Crowdfunding Support Tools: Predicting Success \& Failure},
	Year = {2013}}

@article{Haz12,
	Author = {Tomas Lee Hazen},
	Date-Added = {2017-01-24 16:07:07 +0000},
	Date-Modified = {2017-01-24 16:08:51 +0000},
	Journal = {North Carolina Law Review},
	Number = {5},
	Pages = {1735-1769},
	Title = {Crowdfunding or Fraudfunding? Social Networks and the Securities Laws -- Why the Specially Tailored Exemption Must be Conditioned on Meaningful Disclosure},
	Volume = {90},
	Year = {2012}}

@incollection{SL12,
	Author = {Armin Schwienbacher and Benjamin Larralde},
	Booktitle = {Handbook of Entrepreneurial Finance},
	Date-Added = {2017-01-24 16:03:27 +0000},
	Date-Modified = {2017-01-24 16:05:03 +0000},
	Publisher = {Oxford University Press},
	Title = {Crowdfunding of Small Entrepreneurial Ventures},
	Year = {2012}}

@article{Rob51,
	Author = {Julia Robinson},
	Date-Added = {2016-10-10 55:14:17 AM +0000},
	Date-Modified = {2016-10-10 55:15:42 AM +0000},
	Journal = {Annals of Mathematics},
	Month = {September},
	Number = {2},
	Pages = {296-301},
	Title = {An Iterative Method of Solving a Game},
	Volume = {54},
	Year = {1951}}

@article{Bro51,
	Author = {George W. Brown},
	Date-Added = {2016-10-10 55:07:38 AM +0000},
	Date-Modified = {2016-10-10 55:10:35 AM +0000},
	Journal = {Activity analysis of production and allocation},
	Number = {1},
	Pages = {374-376},
	Title = {Iterative solution of games by fictitious play},
	Volume = {13},
	Year = {1951}}

@article{LR16,
	Author = {Omer Lev and Jeffrey S. Rosenschein},
	Date-Added = {2016-09-02 05:12:28 +0000},
	Date-Modified = {2017-01-25 19:07:01 +0000},
	Journal = {Journal of Artificial Intelligence Research (JAIR)},
	Month = {December},
	Pages = {573-591},
	Title = {Convergence of Iterative Scoring Rules},
	Volume = {57},
	Year = {2016}}

@unpublished{LT15,
	Author = {Omer Lev and Moshe Tennenholtz},
	Date-Added = {2016-07-31 04:46:51 +0000},
	Date-Modified = {2016-07-31 04:46:57 +0000},
	Month = {August},
	Note = {In submission},
	Title = {An Axiomatic Approach to Group Recommendations},
	Year = {2016}}

@inproceedings{BLS16,
	Address = {Singapore},
	Author = {Allan Borodin and Omer Lev and Tyrone Strangway},
	Booktitle = {Proceedings of the 15th International Joint Conference on Autonomous Agents and Multiagent Systems (AAMAS)},
	Date-Added = {2016-07-31 04:42:19 +0000},
	Date-Modified = {2016-07-31 04:43:36 +0000},
	Month = {May},
	Pages = {95-103},
	Title = {Budgetary Effects on Pricing Equilibrium in Online Markets},
	Year = {2016}}

@unpublished{BLS16b,
	Author = {Yoram Bachrach and Omer Lev and Joshua Shemesh},
	Date-Added = {2016-07-29 23:05:19 +0000},
	Date-Modified = {2016-07-31 04:44:27 +0000},
	Month = {August},
	Note = {In submission},
	Title = {How do People Evaluate Crowdfunding Projects?},
	Year = {2016}}

@inproceedings{LL16,
	Address = {Toulouse, France},
	Author = {Yoad Lewenberg and Omer Lev},
	Booktitle = {Proceedings of COMSOC},
	Date-Added = {2016-07-29 07:09:49 +0000},
	Date-Modified = {2016-07-29 07:10:49 +0000},
	Month = {June},
	Title = {Divide and Conquer: Using Geographic Manipulation to Win District-Based Elections},
	Year = {2016}}

@inproceedings{BLLZ16,
	Address = {New York City, New York},
	Author = {Yoram Bachrach and Omer Lev and Yoad Lewenberg and Yair Zick},
	Booktitle = {Proceedings of the 25th International Joint Conference on Artificial Intelligence (IJCAI)},
	Date-Added = {2016-07-29 07:06:17 +0000},
	Date-Modified = {2016-07-29 07:09:43 +0000},
	Month = {July},
	Pages = {81-87},
	Title = {Misrepresentation in District Voting},
	Year = {2016}}

@article{LLBR17,
	Author = {Yoad Lewenberg and Omer Lev and Yoram Bachrach and Jeffrey S. Rosenschein},
	Date-Added = {2016-07-29 06:33:00 +0000},
	Date-Modified = {2018-04-20 012:59:14 AM +0000},
	Journal = {IEEE Intelligent Systems},
	Month = {January-February},
	Number = {1},
	Pages = {8-16},
	Title = {Agent Failures in All-Pay Auctions},
	Volume = {32},
	Year = {2017},
	Bdsk-Url-1 = {http://www.cs.toronto.edu/~omerl/papers/ijcai13.pdf}}

@inproceedings{ALMRW16,
	Address = {Phoenix, Arizona},
	Author = {Haris Aziz and Omer Lev and Nicholas Mattei and Jeffrey S. Rosenschein and Toby Walsh},
	Booktitle = {Proceedings of the 30th Conference on Artificial Intelligence (AAAI)},
	Date-Added = {2016-07-28 06:48:35 +0000},
	Date-Modified = {2016-07-28 06:50:19 +0000},
	Month = {February},
	Pages = {397-403},
	Title = {Strategyproof Peer Selection: Mechanisms, Analyses, and Experiments},
	Year = {2016}}

@unpublished{ALMRW16b,
	Author = {Haris Aziz and Omer Lev and Nicholas Mattei and Jeffrey S. Rosenschein and Toby Walsh},
	Date-Added = {2016-07-28 06:46:12 +0000},
	Date-Modified = {2016-07-28 06:53:11 +0000},
	Month = {August},
	Note = {In submission},
	Title = {Strategyproof Peer Selection},
	Url = {https://arxiv.org/abs/1604.03632},
	Year = {2016},
	Bdsk-Url-1 = {https://arxiv.org/abs/1604.03632}}

@inproceedings{OLPRR15,
	Address = {Buenos Aires, Argentina},
	Author = {Svetlana Obraztsova and Omer Lev and Maria Polukarov and Zinovi Rabinovich and Jeffrey S. Rosenschein},
	Booktitle = {AGT@IJCAI},
	Date-Added = {2016-04-12 05:49:09 +0000},
	Date-Modified = {2016-04-12 05:50:28 +0000},
	Month = {July},
	Title = {Farsighted Voting Dynamics},
	Year = {2015}}

@mastersthesis{Lor12,
	Author = {Andrea Loreggia},
	Date-Added = {2016-04-12 05:47:22 +0000},
	Date-Modified = {2016-04-12 05:56:01 +0000},
	School = {University of Padova},
	Title = {Iterative voting and multi-mode control in preference aggregation},
	Year = {2012}}

@inproceedings{KLR16,
	Address = {Singapore},
	Author = {Aaron Koolyk and Omer Lev and Jeffrey S. Rosenschein},
	Booktitle = {Proceedings of the 15th International Joint Conference on Autonomous Agents and Multiagent Systems (AAMAS)},
	Date-Added = {2016-04-12 05:43:40 +0000},
	Date-Modified = {2017-01-25 21:51:00 +0000},
	Month = {May},
	Pages = {1329-1330},
	Title = {Convergence of Iterative Voting Under Non-Scoring Rules},
	Year = {2016}}

@inproceedings{OLMRR15,
	Address = {Lexington, Kentucky},
	Author = {Svetlana Obraztsova and Omer Lev and Vangelis Markakis and Zinovi Rabinovich and Jeffrey S. Rosenschein},
	Booktitle = {Proceedings of the 4th International Conference on Algorithmic Decision Theory (ADT)},
	Date-Added = {2016-04-03 22:46:47 +0000},
	Date-Modified = {2016-04-03 22:47:22 +0000},
	Month = {September},
	Pages = {451-468},
	Title = {Beyond Plurality: Truth-Bias in Binary Scoring Rules},
	Url = {http://www.cs.toronto.edu/~omerl/papers/adt15.pdf},
	Year = {2015},
	Bdsk-Url-1 = {http://www.cs.toronto.edu/~omerl/papers/adt15.pdf}}

@article{DKTO88,
	Author = {Bella M. DePaulo and Susan E. Kirkendol and John Tang and Thomas P. O'Brien},
	Date-Added = {2016-02-01 00:29:20 +0000},
	Date-Modified = {2016-02-01 00:30:18 +0000},
	Journal = {Journal of Nonverbal Behavior},
	Month = {September},
	Number = {3},
	Pages = {177-202},
	Title = {The motivational impairment effect in the communication of deception: Replications and extensions},
	Volume = {12},
	Year = {1988}}

@article{DKKWE96,
	Author = {Bella M. DePaulo and Deborah A. Kashy and Susan E. Kirkendol and Melissa M. Wyer and Jennifer A. Epstein},
	Date-Added = {2016-01-31 23:54:36 +0000},
	Date-Modified = {2016-01-31 23:56:12 +0000},
	Journal = {Journal of Personality and Social Psychology},
	Month = {May},
	Number = {5},
	Pages = {979-995},
	Title = {Lying in Everyday Life},
	Volume = {70},
	Year = {1996}}

@article{Tan10,
	Author = {Andranik Tangian},
	Date-Added = {2016-01-28 11:52:47 +0000},
	Date-Modified = {2016-01-28 11:53:38 +0000},
	Journal = {Social Choice and Welfare},
	Month = {June},
	Number = {1},
	Pages = {129-161},
	Title = {Computational application of the mathematical theory of democracy to Arrow's Impossibility Theorem (how dictatorial are Arrow's dictators?)},
	Volume = {35},
	Year = {2010}}

@inproceedings{SYMM11,
	Address = {Chicago, Illinois},
	Author = {Shunichi Seko and Takashi Yagi and Manabu Motegi and Shinyo Muto},
	Booktitle = {Proceedings of the 5th ACM conference on Recommender systems (RecSys)},
	Date-Added = {2016-01-25 07:44:45 +0000},
	Date-Modified = {2016-01-25 07:46:17 +0000},
	Month = {October},
	Pages = {101-108},
	Title = {Group recommendation using feature space representing behavioral tendency and power balance among members},
	Year = {2011}}

@inproceedings{GLRW13,
	Address = {Seoul, Korea},
	Author = {Jagadeesh Gorla and Neal Lathia and Stephen Robertson and Jun Wang},
	Booktitle = {Proceedings of the 22nd international conference on World Wide Web (WWW)},
	Date-Added = {2016-01-25 07:38:59 +0000},
	Date-Modified = {2016-01-25 07:40:31 +0000},
	Month = {April},
	Pages = {495-504},
	Title = {Probabilistic group recommendation via information matching},
	Year = {2013}}

@inproceedings{YCL14,
	Address = {New York City, New York},
	Author = {Quan Yuan and Gao Cong and Chin-Yew Lin},
	Booktitle = {Proceedings of the 20th ACM SIGKDD international conference on Knowledge discovery and data mining (KDD)},
	Date-Added = {2016-01-25 07:32:14 +0000},
	Date-Modified = {2016-01-25 07:34:14 +0000},
	Month = {August},
	Pages = {163-172},
	Title = {COM: a generative model for group recommendation},
	Year = {2014}}

@inproceedings{Mos04,
	Address = {Banff, Canada},
	Author = {Moshe Tennenholtz},
	Booktitle = {Proceedings of the 20th conference on Uncertainty in Artificial Intelligence (UAI)},
	Date-Added = {2016-01-25 06:32:28 +0000},
	Date-Modified = {2016-01-25 06:34:09 +0000},
	Month = {July},
	Pages = {544-551},
	Title = {Reputation systems: an axiomatic approach},
	Year = {2004}}

@article{Plo76,
	Author = {Charles R. Plott},
	Date-Added = {2016-01-25 06:27:55 +0000},
	Date-Modified = {2016-01-25 06:28:38 +0000},
	Journal = {American Journal of Political Science},
	Month = {August},
	Number = {3},
	Pages = {511-596},
	Title = {Axiomatic Social Choice Theory: An Overview and Interpretation},
	Volume = {20},
	Year = {1976}}

@book{BCELP16,
	Date-Added = {2016-01-22 00:46:08 +0000},
	Date-Modified = {2016-01-22 00:48:23 +0000},
	Editor = {Felix Brandt and Vincent Conitzer and Ulle Endriss and J{\'e}r{\^o}me Lang and Ariel D. Procaccia},
	Month = {March},
	Publisher = {Cambridge University Press},
	Title = {Handbook of Computational Social Choice},
	Year = {2016}}

@book{Rot15,
	Date-Added = {2016-01-22 00:41:28 +0000},
	Date-Modified = {2016-01-22 00:49:42 +0000},
	Editor = {J{\"o}rg Rothe},
	Publisher = {Springer},
	Title = {Economics and Computation},
	Year = {2015}}

@article{GMS02,
	Author = {Arieh Gavious and Benny Moldovanu and Aner Sela},
	Date-Added = {2016-01-20 09:47:03 +0000},
	Date-Modified = {2016-01-20 09:47:47 +0000},
	Journal = {The RAND Journal of Economics},
	Number = {4},
	Pages = {709-722},
	Title = {Bid Costs and Endogenous Bid Caps},
	Volume = {33},
	Year = {2002}}

@article{Ath01,
	Author = {Susan Athey},
	Date-Added = {2016-01-20 09:42:12 +0000},
	Date-Modified = {2016-01-20 09:43:26 +0000},
	Journal = {Econometrica},
	Month = {July},
	Number = {4},
	Pages = {861-889},
	Title = {Single Crossing Properties And The Existence Of Pure Strategy Equilibria In Games Of Incomplete Information},
	Volume = {69},
	Year = {2001}}

@article{KM97,
	Author = {Vijay Krishna and John Morgan},
	Date-Added = {2016-01-20 09:36:48 +0000},
	Date-Modified = {2016-01-20 09:37:53 +0000},
	Journal = {Journal of Economic Theory},
	Month = {February},
	Number = {2},
	Pages = {343-362},
	Title = {An Analysis of the War of Attrition and the All-Pay Auction},
	Volume = {72},
	Year = {1997}}

@article{AL96,
	Author = {Erwin Amann and Wolfgang Leininger},
	Date-Added = {2016-01-20 09:17:40 +0000},
	Date-Modified = {2016-01-20 09:28:39 +0000},
	Journal = {Games and Economic Behavior},
	Month = {May},
	Number = {1},
	Pages = {1-18},
	Title = {Asymmetric All-Pay Auctions with Incomplete Information: The Two-Player Case},
	Volume = {14},
	Year = {1996}}

@article{WM01,
	Author = {Rober M. Weiss and Ajay K. Mehorta},
	Date-Added = {2015-11-09 06:08:14 +0000},
	Date-Modified = {2015-11-09 06:08:14 +0000},
	Journal = {Virgina Journal of Law and Technology},
	Number = {2},
	Title = {Online Dynamic Pricing: Efficiency, Equity and the Future of E-commerce},
	Volume = {6},
	Year = {2001}}

@inproceedings{MG07,
	Author = {Miranda Mowbray and Dieter Gollmann},
	Booktitle = {Proceedings of the IEEE Symposium on Computer Security Foundations},
	Date-Added = {2015-08-24 05:15:07 +0000},
	Date-Modified = {2015-08-24 05:15:07 +0000},
	Pages = {295-310},
	Title = {Electing the Doge of Venice: Analysis of a 13th century protocol},
	Year = {2007}}

@inproceedings{PHG00,
	Address = {Austin, Texas},
	Author = {David M. Pennock and Eric Horvitz and C. Lee Giles},
	Booktitle = {Proceedings of the 17th National Conference on Artificial Intelligence (AAAI)},
	Date-Added = {2015-07-05 14:07:32 +0000},
	Date-Modified = {2016-01-22 01:31:02 +0000},
	Month = {August},
	Pages = {729-734},
	Title = {Social Choice Theory and Recommender Systems: Analysis of the Axiomatic Foundations of Collaborative Filtering},
	Year = {2000}}

@inproceedings{OCKR01,
	Address = {Bonn, Germany},
	Author = {Mark O'Connor and Dan Cosley and Joseph A. Konstan and John Riedl},
	Booktitle = {Proceedings of the 7th conference on European Conference on Computer Supported Cooperative Work (ECSCW)},
	Date-Added = {2015-07-05 14:03:03 +0000},
	Date-Modified = {2015-07-05 14:04:56 +0000},
	Month = {September},
	Pages = {199-218},
	Title = {PolyLens: a recommender system for groups of users},
	Year = {2001}}

@article{CF00,
	Author = {William W. Cohen and Wei Fan},
	Date-Added = {2015-06-28 17:09:44 +0000},
	Date-Modified = {2015-06-28 17:10:42 +0000},
	Journal = {Computer Networks},
	Month = {June},
	Number = {1-6},
	Pages = {685-698},
	Title = {Web-collaborative filtering: recommending music by crawling the Web},
	Volume = {33},
	Year = {2000}}

@inproceedings{BCKKRPAS14,
	Address = {Paris, France},
	Author = {Yoram Bachrach and Sofia Ceppi and Ian A. Kash and Peter Key and Filip Radlinski and Ely Porat and Michael Armstrong and Vijay Sharma},
	Booktitle = {Proceedings of the 13th international conference on Autonomous Agents and Multiagent Systems (AAMAS)},
	Date-Added = {2015-06-28 16:58:12 +0000},
	Date-Modified = {2016-01-22 01:28:10 +0000},
	Month = {May},
	Pages = {1631-1632},
	Title = {Building a personalized tourist attraction recommender system using crowdsourcing},
	Year = {2014}}

@inproceedings{GSOG09,
	Address = {Linz, Austria},
	Author = {Inma Garcia and Laura Sebastia and Eva Onaindia and Cesar Guzman},
	Booktitle = {Proceedings of the 10th International Conference on E-Commerce and Web Technologies (EC-Web)},
	Date-Added = {2015-06-28 16:55:30 +0000},
	Date-Modified = {2015-06-28 16:57:25 +0000},
	Month = {September},
	Pages = {26-37},
	Title = {A group recommender system for tourist activities},
	Year = {2009}}

@article{Ric02,
	Author = {Francesco Ricci},
	Date-Added = {2015-06-28 16:51:19 +0000},
	Date-Modified = {2015-06-28 16:52:26 +0000},
	Journal = {IEEE Intelligent Systems},
	Number = {6},
	Pages = {55-57},
	Title = {Travel recommender systems},
	Volume = {17},
	Year = {2002}}

@inproceedings{MALKR03,
	Address = {Miami, Florida},
	Author = {Bradley N. Miller and Istvan Albert and Shyong K. Lam and Joseph A. Konstan and John Riedl},
	Booktitle = {Proceedings of the 8th international conference on Intelligent user interfaces (IUI)},
	Date-Added = {2015-06-28 16:40:04 +0000},
	Date-Modified = {2015-06-28 16:46:59 +0000},
	Month = {January},
	Pages = {263-266},
	Title = {MovieLens unplugged: experiences with an occasionally connected recommender system},
	Year = {2003}}

@techreport{WR03,
	Author = {Jun Wang and Marcel J. T. Reinders},
	Date-Added = {2015-06-28 16:37:47 +0000},
	Date-Modified = {2015-06-28 16:39:14 +0000},
	Institution = {Delft University of technology},
	Number = {ICT-2003-01},
	Title = {Music Recommender System for Wi-Fi Walkman},
	Type = {ICT Group Technical Report Series},
	Year = {2003}}

@article{YGKOO08,
	Author = {Kazuyoshi Yoshii and Masataka Goto and Kazunori Komatani and Tetsuya Ogata and Hiroshi G. Okuno},
	Date-Added = {2015-06-28 16:31:35 +0000},
	Date-Modified = {2015-06-28 16:34:03 +0000},
	Journal = {IEEE Transactions on Audio, Speech and Language Processing},
	Month = {February},
	Number = {2},
	Pages = {435-447},
	Title = {An efficient hybrid music recommender system using an incrementally trainable probabilistic generative model},
	Volume = {16},
	Year = {2008}}

@article{RV97,
	Author = {Paul Resnick and Hal R. Varian},
	Date-Added = {2015-06-28 16:28:04 +0000},
	Date-Modified = {2015-06-28 16:29:07 +0000},
	Journal = {Communications of the ACM},
	Month = {March},
	Number = {3},
	Pages = {56-58},
	Title = {Recommender systems},
	Volume = {40},
	Year = {1997}}

@inproceedings{BFGKKNP14,
	Address = {Foster City, California},
	Author = {Yoram Bachrach and Yehuda Finkelstein and Ran Gilad-Bachrach and Liran Katzir and Noam Koenigstein and Nir Nice and Ulrich Paquet},
	Booktitle = {Proceedings of the 8th ACM Conference on Recommender systems (RecSys)},
	Date-Added = {2015-06-28 16:17:41 +0000},
	Date-Modified = {2015-06-28 16:21:30 +0000},
	Month = {October},
	Pages = {257-264},
	Title = {Speeding up the xbox recommender system using a euclidean transformation for inner-product spaces},
	Year = {2014}}

@inproceedings{BH10,
	Address = {Los Cabos, Mexico},
	Author = {Yoram Bachrach and Ralf Herbrich},
	Booktitle = {Proceedings of the 17th International Symposium on String Processing and Informtion Retrieval (SPIRE)},
	Date-Added = {2015-06-28 16:15:34 +0000},
	Date-Modified = {2015-06-28 16:16:46 +0000},
	Month = {October},
	Pages = {25-36},
	Title = {Fingerprinting ratings for collaborative filtering---theoretical and empirical analysis},
	Year = {2010}}

@inproceedings{BHP09,
	Address = {Saariselk{\"a}, Finland},
	Author = {Yoram Bachrach and Ralf Herbrich and Ely Porat},
	Booktitle = {Proceedings of the 16th International Symposium on String Processing and Informtion Retrieval (SPIRE)},
	Date-Added = {2015-06-28 16:12:29 +0000},
	Date-Modified = {2015-06-28 16:14:53 +0000},
	Month = {August},
	Pages = {344-352},
	Title = {Sketching algorithms for approximating rank correlations in collaborative filtering systems},
	Year = {2009}}

@misc{Maj09,
	Author = {Rangan Majumder},
	Date-Added = {2015-06-28 16:07:17 +0000},
	Date-Modified = {2015-06-28 16:09:02 +0000},
	Howpublished = {US Patent 7,624,095},
	Month = {November},
	Title = {Fast collaborative filtering through sketch function based approximations},
	Year = {2009}}

@inproceedings{YZLG09,
	Address = {Boston, Massachusetts},
	Author = {Kai Yu and Shenghuo Zhu and John Lafferty and Yihong Gong},
	Booktitle = {Proceedings of the 32nd international ACM conference on Research and development in information retrieval (SIGIR)},
	Date-Added = {2015-06-28 16:03:45 +0000},
	Date-Modified = {2015-06-28 17:13:01 +0000},
	Month = {July},
	Pages = {211-218},
	Title = {Fast nonparametric matrix factorization for large-scale collaborative filtering},
	Year = {2009}}

@inproceedings{ZPJ13,
	Address = {St. Paul, Minnesota},
	Author = {Yair Zick and Maria Polukarov and Nicholas R. Jennings},
	Booktitle = {Proceedings of the 12th International Coference on Autonomous Agents and Multiagent Systems (AAMAS)},
	Date-Added = {2015-06-28 15:53:12 +0000},
	Date-Modified = {2015-06-28 15:54:08 +0000},
	Month = {May},
	Pages = {523-530},
	Title = {Taxation and stability in cooperative games},
	Year = {2013}}

@inproceedings{RR11,
	Address = {Piscataway, New Jersey},
	Author = {Anja Rey and J{\"o}rg Rothe},
	Booktitle = {Proceedings of the 2nd International Conference on Algorithmic Decision Theory (ADT)},
	Date-Added = {2015-06-28 15:49:27 +0000},
	Date-Modified = {2015-06-28 15:52:44 +0000},
	Month = {October},
	Pages = {247-261},
	Title = {Bribery in path-disruption games},
	Year = {2011}}

@inproceedings{YCSOI05,
	Address = {Pittsburgh, Pennsylvania},
	Author = {Makoto Yokoo and Vincent Conitzer and Tuomas Sandholm and Naoki Ohta and Atsushi Iwasaki},
	Booktitle = {Proceedings of the 20th National Conference on Artificial Intelligence (AAAI)},
	Date-Added = {2015-06-28 15:44:24 +0000},
	Date-Modified = {2015-06-28 15:48:01 +0000},
	Month = {July},
	Pages = {509-514},
	Title = {Coalitional games in open anonymous environments},
	Volume = {2},
	Year = {2005}}

@inproceedings{BKS12,
	Address = {Liverpool, Great Britain},
	Author = {Yoram Bachrach and Ian A. Kash and Nisarg Shah},
	Booktitle = {Proceedings of the 8th Workshop on Internet and Network Economics (WINE)},
	Date-Added = {2015-06-28 15:36:59 +0000},
	Date-Modified = {2015-06-28 16:58:46 +0000},
	Month = {December},
	Pages = {15-29},
	Title = {Agent failures in totally balanced games and convex games},
	Year = {2012}}

@inproceedings{BS13,
	Address = {Aachen, Germany},
	Author = {Yoram Bachrach and Nisarg Shah},
	Booktitle = {Proceedings of the 6th International Symposium on Algorithmic Game Theory (SAGT)},
	Date-Added = {2015-06-28 15:35:03 +0000},
	Date-Modified = {2015-06-28 15:35:58 +0000},
	Month = {October},
	Pages = {38-49},
	Title = {Reliability weighted voting games},
	Year = {2013}}

@inproceedings{BMFT11,
	Address = {Barcelona, Spain},
	Author = {Yoram Bachrach and Reshef Meir and Michal Feldman and Moshe Tennenholtz},
	Booktitle = {Proceedings of the 28th Conference in Uncertainty in Artificial Intelligence (UAI)},
	Date-Added = {2015-06-28 15:28:24 +0000},
	Date-Modified = {2015-06-28 15:33:56 +0000},
	Month = {July},
	Pages = {27-34},
	Title = {Solving cooperative reliability games},
	Year = {2011}}

@article{FKM06,
	Author = {Katsushige Fujimoto and Ivan Kojadinovic and Jean-Luc Marichal},
	Date-Added = {2015-06-28 15:26:18 +0000},
	Date-Modified = {2015-06-28 15:27:29 +0000},
	Journal = {Games and Economic Behavior},
	Month = {April},
	Number = {1},
	Pages = {72-99},
	Title = {Axiomatic characterizations of probabilistic and cardinal-probabilistic interaction indices},
	Volume = {55},
	Year = {2006}}

@inproceedings{EKLW11,
	Address = {Taipei, Taiwan},
	Author = {Ulle Endriss and Sarit Kraus and J{\'e}r{\^o}me Lang and Michael Wooldridge},
	Booktitle = {Proceedings of the 10th International Conference on Autonomous Agents and Multiagent Systems (AAMAS)},
	Date-Added = {2015-06-28 15:24:17 +0000},
	Date-Modified = {2016-01-18 04:44:24 +0000},
	Month = {May},
	Pages = {79-86},
	Title = {Designing incentives for {B}oolean games},
	Volume = {1},
	Year = {2011}}

@inproceedings{DHKW08,
	Address = {Estoril, Portugal},
	Author = {Paul E. Dunne and Wiebe van der Hoek and Sarit Kraus and Michael Wooldridge},
	Booktitle = {Proceedings of the 7th international joint conference on Autonomous Agents and Multiagent Systems (AAMAS)},
	Date-Added = {2015-06-28 15:21:12 +0000},
	Date-Modified = {2016-01-22 01:28:31 +0000},
	Month = {May},
	Pages = {1015-1022},
	Title = {Cooperative {B}oolean games},
	Volume = {2},
	Year = {2008}}

@article{BZK11,
	Author = {Yoram Bachrach and Morteza Zadimoghaddam and Peter Key},
	Date-Added = {2015-06-28 15:09:44 +0000},
	Date-Modified = {2015-06-28 15:10:48 +0000},
	Journal = {ACM SIGecom Exchanges},
	Month = {March},
	Number = {1},
	Pages = {17-22},
	Title = {A cooperative approach to collusion in auctions},
	Volume = {10},
	Year = {2011}}

@inproceedings{Bac10,
	Address = {Toronto, Canada},
	Author = {Yoram Bachrach},
	Booktitle = {Proceedings of the 9th International Conference on Autonomous Agents and Multiagent Systems (AAMAS)},
	Date-Added = {2015-06-28 15:05:35 +0000},
	Date-Modified = {2015-06-28 15:06:47 +0000},
	Month = {May},
	Pages = {617-624},
	Title = {Honor among thieves: collusion in multi-unit auctions},
	Volume = {1},
	Year = {2010}}

@article{MVDPBC15,
	Author = {L{\'a}zl{\'o} Monostori and Paul Valckenaers and Alexandre Dolgui and Herv{\'e} Panetto and Mietek Brdys and Bal{\'a}zs Csan{\'a}d Cs{\'a}ji},
	Date-Added = {2015-06-28 14:38:18 +0000},
	Date-Modified = {2015-06-28 14:41:49 +0000},
	Journal = {Annual Reviews in Control},
	Pages = {12-29},
	Title = {Cooperative control in production and logistics},
	Volume = {39},
	Year = {2015}}

@article{XZFQ15,
	Author = {Jian Xue and Laijun Zhao and Longzhen Fan and Ying Qian},
	Date-Added = {2015-06-28 14:36:13 +0000},
	Date-Modified = {2015-06-28 14:37:42 +0000},
	Journal = {Journal of the Air \& Waste Management Association},
	Month = {July},
	Number = {7},
	Pages = {818-827},
	Title = {An inter-provincial cooperative game model for air pollution control in China},
	Volume = {65},
	Year = {2015}}

@inproceedings{BSS14,
	Address = {Paris, France},
	Author = {Yoram Bachrach and Rahul Savani and Nisarg Shah},
	Booktitle = {Proceedings of the 13th International Joint Conference on Autonomous Agents and Multiagent Systems (AAMAS)},
	Date-Added = {2015-06-28 14:34:01 +0000},
	Date-Modified = {2015-06-28 14:35:31 +0000},
	Month = {May},
	Pages = {29-36},
	Title = {Cooperative max games and agent failures},
	Year = {2014}}

@inproceedings{BKK11,
	Address = {Taipei, Taiwan},
	Author = {Yoram Bachrach and Pushmeet Kohli and Vladimir Kolmogorov},
	Booktitle = {Proceedings of the 10th International Conference on Autonomous Agents and Multiagent Systems (AAMAS)},
	Date-Added = {2015-06-28 14:32:45 +0000},
	Date-Modified = {2015-06-28 14:33:34 +0000},
	Month = {May},
	Pages = {1197-1198},
	Title = {Team coverage games},
	Volume = {3},
	Year = {2011}}

@inproceedings{BPJ10,
	Address = {Palo Alto, California},
	Author = {Yoram Bachrach and Maria Polukarov and Nicholas R. Jennings},
	Booktitle = {Proceedings of the 6th Workshop on Internet and Network Economics (WINE)},
	Date-Added = {2015-06-28 14:31:09 +0000},
	Date-Modified = {2015-06-28 14:32:16 +0000},
	Month = {June},
	Pages = {432-443},
	Title = {The good, the bad and the cautious: safety level cooperative games},
	Year = {2010}}

@article{BZR09,
	Author = {Yoram Bachrach and Michael Zuckerman and Jeffrey S. Rosenschein},
	Date-Added = {2015-06-28 14:29:13 +0000},
	Date-Modified = {2015-06-28 14:29:50 +0000},
	Journal = {Mathematical Logic Quarterly},
	Number = {4},
	Pages = {377-396},
	Title = {Effort Games and the Price of Myopia},
	Volume = {55},
	Year = {2009}}

@article{Alo02,
	Author = {John A. Aloysius},
	Date-Added = {2015-06-28 14:27:29 +0000},
	Date-Modified = {2015-06-28 14:28:07 +0000},
	Journal = {European Journal of Operational Research},
	Month = {February},
	Number = {3},
	Pages = {591-602},
	Title = {Research joint ventures: A cooperative game for competitors},
	Volume = {136},
	Year = {2002}}

@article{KB00,
	Author = {Lech Kru{\'s} and Piotr Bronisz},
	Date-Added = {2015-06-28 14:25:56 +0000},
	Date-Modified = {2015-06-28 14:26:46 +0000},
	Journal = {European Journal of Operational Research},
	Month = {April},
	Number = {2},
	Pages = {258-271},
	Title = {Cooperative game solution concepts to a cost allocation problem},
	Volume = {122},
	Year = {2000}}

@article{ZWCYH10,
	Author = {Yingxue Zhao and Shouyang Wang and T.C. Edwin Cheng and Xiaoqi Yang and Zhimin Huang},
	Date-Added = {2015-06-28 14:16:29 +0000},
	Date-Modified = {2015-06-28 14:19:11 +0000},
	Journal = {European Journal of Operational Research},
	Month = {December},
	Number = {2},
	Pages = {668-675},
	Title = {Coordination of supply chains by option contracts: A cooperative game theory approach},
	Volume = {207},
	Year = {2010}}

@inproceedings{BBK14,
	Address = {Paris, France},
	Author = {Gideon Blocq and Yoram Bachrach and Peter Key},
	Booktitle = {Proceedings of the 13th international conference on Autonomous Agents and Multiagent Systems (AAMAS)},
	Date-Added = {2015-06-28 14:13:19 +0000},
	Date-Modified = {2016-01-22 01:29:18 +0000},
	Month = {May},
	Pages = {605-612},
	Title = {The shared assignment game and applications to pricing in cloud computing},
	Year = {2014}}

@inproceedings{NVK11,
	Address = {Newport Beach, California},
	Author = {Dusit Niyato and Athanasios V. Vasilakos and Zhu Kun},
	Booktitle = {Proceedings of the 11th IEEE/ACM International Symposium on Cluster, Cloud and Grid Computing (CCGrid)},
	Date-Added = {2015-06-28 14:10:25 +0000},
	Date-Modified = {2015-06-28 14:12:50 +0000},
	Month = {May},
	Pages = {215-224},
	Title = {Resource and Revenue Sharing with Coalition Formation of Cloud Providers: Game Theoretic Approach},
	Year = {2011}}

@techreport{PDP06,
	Author = {Irene Parrachino and Ariel Dinar and Fioravante Patrone},
	Date-Added = {2015-06-28 14:04:49 +0000},
	Date-Modified = {2015-06-28 14:08:40 +0000},
	Institution = {World Bank},
	Month = {December},
	Number = {4074},
	Title = {Cooperative game theory and its application to natural, environmental, and water resource issues: 3. application to water resources},
	Type = {Policy Research Working Papers},
	Year = {2006}}

@article{DRY92,
	Author = {Ariel Dinar and Aharon Ratner and Dan Yaron},
	Date-Added = {2015-06-28 14:02:48 +0000},
	Date-Modified = {2015-06-28 14:03:50 +0000},
	Journal = {Theory and Decision},
	Number = {1},
	Pages = {1-20},
	Title = {Evaluating cooperative game theory in water resources},
	Volume = {32},
	Year = {1992}}

@article{SP02,
	Author = {Dong-Wook Song and Photis M. Panayides},
	Date-Added = {2015-06-28 13:59:37 +0000},
	Date-Modified = {2015-06-28 17:13:35 +0000},
	Journal = {Maritime Policy \& Management},
	Number = {3},
	Pages = {285-301},
	Title = {A conceptual application of cooperative game theory to liner shipping strategic alliances},
	Volume = {29},
	Year = {2002}}

@inproceedings{WWBMR09,
	Address = {Vancouver, Canada},
	Author = {Jacob Whitehill and Ting-fan Wu and Jacob Bergsma and Javier R. Movellan and Paul L. Ruvolo},
	Booktitle = {Proceedings of the 23rd Annual Conference on Neural Information Processing Systems (NIPS)},
	Date-Added = {2015-06-28 13:42:36 +0000},
	Date-Modified = {2015-06-28 13:44:44 +0000},
	Month = {December},
	Pages = {2035-2043},
	Title = {Whose Vote Should Count More: Optimal Integration of Labels from Labelers of Unknown Expertise},
	Year = {2009},
	Bdsk-Url-1 = {http://papers.nips.cc/paper/3644-whose-vote-should-count-more-optimal-integration-of-labels-from-labelers-of-unknown-expertise.pdf}}

@inproceedings{BGKKG12,
	Address = {Valencia, Spain},
	Author = {Yoram Bachrach and Thore Graepel and Gjergji Kasneci and Michal Kosinski and Jurgen Van Gael},
	Booktitle = {Proceedings of the 11th International Conference on Autonomous Agents and Multiagent Systems (AAMAS)},
	Date-Added = {2015-06-28 13:32:50 +0000},
	Date-Modified = {2015-06-28 13:35:12 +0000},
	Month = {May},
	Pages = {535-542},
	Title = {Crowd IQ: aggregating opinions to boost performance},
	Volume = {1},
	Year = {2012}}

@article{BZWR13,
	Author = {Yoram Bachrach and Michael Zuckerman and Michael Wooldridge and Jeffrey S. Rosenschein},
	Date-Added = {2015-06-28 13:29:01 +0000},
	Date-Modified = {2015-06-28 13:31:47 +0000},
	Journal = {Annals of Mathematics and Artificial Intelligence},
	Month = {January},
	Number = {1},
	Pages = {1-30},
	Title = {Proof systems and transformation games},
	Volume = {67},
	Year = {2013}}

@inproceedings{LBSZR15,
	Address = {Istanbul, Turkey},
	Author = {Yoad Lewenberg and Yoram Bachrach and Yonatan Sompolinsky and Aviv Zohar and Jeffrey S. Rosenschein},
	Booktitle = {Proceedings of the 14th International Joint Conference on Autonomous Agents and Multiagent Systems (AAMAS)},
	Date-Added = {2015-06-28 13:25:47 +0000},
	Date-Modified = {2015-06-28 13:27:58 +0000},
	Month = {May},
	Pages = {919-927},
	Title = {Bitcoin Mining Pools: A Cooperative Game Theoretic Analysis},
	Year = {2015}}

@article{ABCS14,
	Author = {Robleh Ali and John Barrdear and Roger Clews and James Southgate},
	Date-Added = {2015-06-28 13:22:33 +0000},
	Date-Modified = {2015-06-28 13:25:17 +0000},
	Journal = {Bank of England Quarterly Bulletin 2014 Q3},
	Month = {September},
	Title = {Innovations in payment technologies and the emergence of digital currencies},
	Year = {2014}}

@inproceedings{LL15,
	Address = {Hollywood, Florida},
	Author = {Ramoni O. Lasisi and Abibat A. Lasisi},
	Booktitle = {Proceedings of the 28th International Florida Artificial Intelligence Research Society (FLAIRS)},
	Date-Added = {2015-06-28 13:17:33 +0000},
	Date-Modified = {2016-01-18 04:45:27 +0000},
	Month = {May},
	Pages = {55-60},
	Title = {The {S}hapley Value in Voting Games: Computing Single Large Party's Power and Bounds for Manipulation by Merging},
	Year = {2015}}

@article{ZFBE12,
	Author = {Michael Zuckerman and Piotr Faliszewski and Yoram Bachrach and Edith Elkind},
	Date-Added = {2015-06-28 13:08:10 +0000},
	Date-Modified = {2015-06-28 13:09:27 +0000},
	Journal = {Artificial Intelligence},
	Month = {April},
	Pages = {1-19},
	Title = {Manipulating the quota in weighted voting games},
	Volume = {180-181},
	Year = {2012}}

@article{ABEP11,
	Author = {Haris Aziz and Yoram Bachrach and Edith Elkind and Mike Paterson},
	Date-Added = {2015-06-28 13:06:37 +0000},
	Date-Modified = {2015-06-28 13:07:26 +0000},
	Journal = {Journal of Artificial Intelligence Research},
	Month = {January},
	Pages = {57-93},
	Title = {False-name manipulations in weighted voting games},
	Volume = {40},
	Year = {2011}}

@inproceedings{BEF11,
	Address = {Barcelona, Spain},
	Author = {Yoram Bachrach and Edith Elkind and Piotr Faliszewski},
	Booktitle = {Proceedings of the 22nd International Joint Conference on Artificial Intelligence (IJCAI)},
	Date-Added = {2015-06-28 12:58:57 +0000},
	Date-Modified = {2016-01-22 01:31:35 +0000},
	Month = {July},
	Pages = {49-54},
	Title = {Coalitional voting manipulation: A game-theoretic perspective},
	Year = {2011}}

@article{HZ14,
	Author = {Nicolas Houya and William S. Zwicker},
	Date-Added = {2015-06-28 12:56:39 +0000},
	Date-Modified = {2015-06-28 12:57:30 +0000},
	Journal = {Games and Economic Behavior},
	Month = {March},
	Pages = {7-16},
	Title = {The geometry of voting power: weighted voting and hyper-ellipsoids},
	Volume = {84},
	Year = {2014}}

@inproceedings{SBK14,
	Address = {Paris, France},
	Author = {Abigail See and Yoram Bachrach and Pushmeet Kohli},
	Booktitle = {Proceedings of the 13th international conference on Autonomous Agents and Multiagent Systems (AAMAS)},
	Date-Added = {2015-06-28 12:54:11 +0000},
	Date-Modified = {2016-01-22 01:29:04 +0000},
	Month = {May},
	Pages = {37-44},
	Title = {The cost of principles: analyzing power in compatibility weighted voting games},
	Year = {2014}}

@inproceedings{ZKE11,
	Address = {Barcelona, Spain},
	Author = {Yair Zick and Alexander Skopalik and Edith Elkind},
	Booktitle = {Proceedings of the 22nd International Joint Conference on Artificial Intelligence (IJCAI)},
	Date-Added = {2015-06-28 12:51:40 +0000},
	Date-Modified = {2016-01-22 01:31:54 +0000},
	Month = {July},
	Pages = {490-95},
	Title = {The {S}hapley value as a function of the quota in weighted voting games},
	Volume = {1},
	Year = {2011}}

@article{BMRPRS10,
	Author = {Yoram Bachrach and Evangelos Markakis and Ezra Resnick and Ariel D. Procaccia and Jeffrey S. Rosenschein and Amin Saberi},
	Date-Added = {2015-06-28 12:49:20 +0000},
	Date-Modified = {2015-06-28 12:50:56 +0000},
	Journal = {Journal of Autonomous Agents and Multi-Agent Systems},
	Month = {March},
	Number = {2},
	Pages = {105-122},
	Title = {Approximating power indices: theoretical and empirical analysis},
	Volume = {20},
	Year = {2010}}

@article{Wid94,
	Author = {Mika Widgr{\'e}n},
	Date-Added = {2015-06-28 12:46:24 +0000},
	Date-Modified = {2016-01-18 05:01:38 +0000},
	Journal = {European Economic Review},
	Month = {May},
	Number = {5},
	Pages = {1153-1170},
	Title = {Voting power in the {EC} decision making and the consequences of two different enlargements},
	Volume = {38},
	Year = {1994}}

@article{SS54,
	Author = {Lloyd S. Shapley and Martin Shubik},
	Date-Added = {2015-06-28 12:44:26 +0000},
	Date-Modified = {2015-06-28 12:45:24 +0000},
	Journal = {The American Political Science Review},
	Month = {September},
	Number = {3},
	Pages = {787-792},
	Title = {A Method for Evaluating the Distribution of Power in a Committee System},
	Volume = {48},
	Year = {1954}}

@inproceedings{BKP11,
	Address = {Taipei, Taiwan},
	Author = {Yoram Bachrach and Pushmeet Kohli and Thore Graepel},
	Booktitle = {Proceedings of the 10th International Conference on Autonomous Agents and Multiagent Systems (AAMAS)},
	Date-Added = {2015-06-28 12:38:22 +0000},
	Date-Modified = {2015-06-28 12:40:21 +0000},
	Month = {May},
	Pages = {1179-1180},
	Title = {Rip-off: playing the cooperative negotiation game},
	Volume = {3},
	Year = {2011}}

@incollection{Tho94,
	Author = {William Thomson},
	Booktitle = {Handbook of Game Theory with Economic Applications},
	Date-Added = {2015-06-28 12:32:08 +0000},
	Date-Modified = {2015-06-28 12:37:07 +0000},
	Editor = {Robert J. Aumann and Sergiu Hart},
	Publisher = {Elsevier},
	Title = {Cooperative models of bargaining},
	Volume = {2},
	Year = {1994}}

@article{NG83,
	Author = {Scott A. Neslin and Leonard Greenhalgh},
	Date-Added = {2015-06-28 12:30:50 +0000},
	Date-Modified = {2015-06-28 12:31:58 +0000},
	Journal = {Journal of Marketing Research},
	Month = {November},
	Number = {4},
	Pages = {368-379},
	Title = {Nash's Theory of Cooperative Games as a Predictor of the Outcomes of Buyer-Seller Negotiations: An Experiment in Media Purchasing},
	Volume = {20},
	Year = {1983}}

@inproceedings{BKZ10,
	Address = {Palo Alto, California},
	Author = {Yoram Bachrach and Peter Key and Morteza Zadimoghaddam},
	Booktitle = {Proceedings of the 6th international conference on Internet and network economics (WINE)},
	Date-Added = {2015-06-27 22:49:07 +0000},
	Date-Modified = {2016-01-18 04:42:51 +0000},
	Month = {December},
	Pages = {38-49},
	Title = {Collusion in {VCG} path procurement auctions},
	Year = {2010}}

@inproceedings{SPX12,
	Address = {Lake Tahoe, Nevada},
	Author = {Hossein Azari Soufiani and David C. Parkes and Lirong Xia},
	Booktitle = {Proceedings of the 26th Conference on Neural Information Processing Systems (NIPS)},
	Date-Added = {2015-06-23 19:11:24 +0000},
	Date-Modified = {2015-07-05 14:22:13 +0000},
	Month = {December},
	Pages = {126-134},
	Title = {Preference Elicitation For General Random Utility Models},
	Year = {2012}}

@inproceedings{HG09,
	Address = {Vancouver, Canada},
	Author = {Jonathan Huang and Carlos Guestrin},
	Booktitle = {Proceedings of the 23rd Annual Conference on Neural Information Processing Systems (NIPS)},
	Date-Added = {2015-06-23 19:11:11 +0000},
	Date-Modified = {2015-07-05 14:22:38 +0000},
	Month = {December},
	Title = {Riffled Independence for Ranked Data},
	Year = {2009}}

@article{Spr91,
	Author = {Yves Sprumont},
	Date-Added = {2015-06-23 19:11:02 +0000},
	Date-Modified = {2015-06-23 19:11:02 +0000},
	Journal = {Econometrica},
	Month = {March},
	Number = {2},
	Pages = {509-519},
	Title = {The Division Problem with Single-Peaked Preferences: A Characterization of the Uniform Allocation Rule},
	Volume = {59},
	Year = {1991}}

@book{Ked14,
	Author = {Orit Kedar},
	Date-Added = {2015-06-23 19:10:50 +0000},
	Date-Modified = {2015-06-23 19:10:50 +0000},
	Month = {January},
	Publisher = {Cambridge University Press},
	Series = {Cambridge Studies in Comparative Politics},
	Title = {Voting for Policy, Not Parties},
	Year = {2014}}

@article{Nur92,
	Author = {Hannu Nurmi},
	Date-Added = {2015-06-23 18:31:58 +0000},
	Date-Modified = {2015-06-23 18:32:56 +0000},
	Journal = {Public Choice},
	Month = {June},
	Number = {4},
	Pages = {459-487},
	Title = {An assessment of voting system simulations},
	Volume = {73},
	Year = {1992}}

@inproceedings{OLMZR15b,
	Address = {Lexington, Kentucky},
	Author = {Svetlana Obraztsova and Omer Lev and Vangelis Markakis and Zinovi Rabinovich and Jeffrey S. Rosenschein},
	Booktitle = {Proceedings of the 4th International Conference on Algorithmic Decision Theory (ADT)},
	Date-Added = {2015-06-23 14:40:41 +0000},
	Date-Modified = {2016-04-03 22:47:33 +0000},
	Month = {September},
	Pages = {451-468},
	Title = {Beyond Plurality: Truth-Bias in Binary Scoring Rules},
	Url = {http://www.cs.toronto.edu/~omerl/papers/adt15.pdf},
	Year = {2015},
	Bdsk-Url-1 = {http://www.cs.toronto.edu/~omerl/papers/adt15.pdf}}

@article{TNS82,
	Author = {K. Takamizawa and Takao Nishizeki and Nobuji Saito},
	Date-Added = {2015-06-23 01:19:20 +0000},
	Date-Modified = {2015-06-23 01:22:04 +0000},
	Journal = {Journal of the ACM},
	Month = {July},
	Number = {3},
	Pages = {623-641},
	Title = {Linear-time computability of combinatorial problems on series-parallel graphs},
	Volume = {29},
	Year = {1982}}

@article{Duf65,
	Author = {Richard James Duffin},
	Date-Added = {2015-06-23 01:13:28 +0000},
	Date-Modified = {2015-06-23 01:18:40 +0000},
	Journal = {Journal of Mathematical Analysis and Applications},
	Month = {April},
	Number = {2},
	Pages = {303-318},
	Title = {Topology of series-parallel networks},
	Volume = {10},
	Year = {1965}}

@book{Fle00,
	Author = {Robert Fletcher},
	Date-Added = {2015-06-23 00:26:17 +0000},
	Date-Modified = {2015-06-23 00:30:09 +0000},
	Publisher = {Wiley},
	Title = {Practical methods of optimization},
	Year = {2000}}

@article{LS00,
	Author = {Kate Larson and Tuomas Sandholm},
	Date-Added = {2015-06-22 01:54:17 +0000},
	Date-Modified = {2015-06-22 01:56:08 +0000},
	Journal = {Journal of Experimental and Theoretical AI},
	Number = {1},
	Pages = {23-42},
	Title = {Anytime coalition structure generation: average case study},
	Volume = {12},
	Year = {2000}}

@article{Yun86,
	Author = {Yun Yeh, D.},
	Date-Added = {2015-06-22 01:50:56 +0000},
	Date-Modified = {2015-06-22 01:53:31 +0000},
	Journal = {BIT Numerical Mathematics},
	Number = {4},
	Pages = {467-474},
	Title = {A dynamic programming approach to the complete set partitioning problem},
	Volume = {26},
	Year = {1986}}

@inproceedings{GMPS11,
	Address = {Barcelona, Spain},
	Author = {Gianluigi Greco and Enrico Malizia and Luigi Palopoli and Francesco Scarcello},
	Booktitle = {Proceedings of the 22nd International Joint Conference on Artificial Intelligence (IJCAI)},
	Date-Added = {2015-06-22 01:48:42 +0000},
	Date-Modified = {2015-06-22 01:50:35 +0000},
	Month = {July},
	Pages = {216-221},
	Title = {On the complexity of the core over coalition structures},
	Year = {2011}}

@inproceedings{BKKZ13,
	Address = {Bellevue, Washington},
	Author = {Yoram Bachrach and Pushmeet Kohli and Vladimir Kolmogorov and Morteza Zadimoghaddam},
	Booktitle = {Proceedings of the 27th National Conference on Artificial Intelligence (AAAI)},
	Date-Added = {2015-06-22 01:44:43 +0000},
	Date-Modified = {2015-06-22 01:47:16 +0000},
	Month = {July},
	Pages = {81-87},
	Title = {Optimal Coalition Structures in Cooperative Graph Games},
	Year = {2013}}

@inproceedings{SA10,
	Address = {Atlanta, Georgia},
	Author = {Travis C. Service and Julie A. Adams},
	Booktitle = {Proceedings of the 24th National Conference on Artificial Intelligence (AAAI)},
	Date-Added = {2015-06-22 01:42:41 +0000},
	Date-Modified = {2015-06-22 01:44:17 +0000},
	Month = {July},
	Pages = {854-859},
	Title = {Approximate Coalition Structure Generation},
	Year = {2010}}

@inproceedings{RR08,
	Address = {Estoril, Portugal},
	Author = {Talal Rahwan and Nicholas R. Jennings},
	Booktitle = {Proceedings of the 7th International Joint Conference on Autonomous Agents and Multiagent Systems (AAMAS)},
	Date-Added = {2015-06-22 01:40:34 +0000},
	Date-Modified = {2015-07-05 14:27:48 +0000},
	Month = {May},
	Pages = {1417-1420},
	Title = {An improved dynamic programming algorithm for coalition structure generation},
	Volume = {3},
	Year = {2008}}

@article{SLAST99,
	Author = {Tuomas Sandholm and Kate Larson and Martin Andersson and Onn Shehory and Fernando Tohm{\'e}},
	Date-Added = {2015-06-22 01:38:36 +0000},
	Date-Modified = {2015-06-22 01:40:08 +0000},
	Journal = {Artificial Intelligence},
	Month = {July},
	Number = {1-2},
	Pages = {209-238},
	Title = {Coalition structure generation with worst case guarantees},
	Volume = {111},
	Year = {1999}}

@article{SK98,
	Author = {Onn Shehory and Sarit Kraus},
	Date-Added = {2015-06-22 01:37:08 +0000},
	Date-Modified = {2015-06-22 01:37:55 +0000},
	Journal = {Artificial Intelligence},
	Month = {May},
	Number = {1-2},
	Pages = {165-200},
	Title = {Methods for Task Allocation via Agent Coalition Formation},
	Volume = {101},
	Year = {1998}}

@inproceedings{MBR10,
	Address = {Athens, Greece},
	Author = {Reshef Meir and Yoram Bachrach and Jeffrey S. Rosenschein},
	Booktitle = {Proceedings of the 3rd International Symposium on Algorithmic Game Theory (SAGT)},
	Date-Added = {2015-06-22 01:31:13 +0000},
	Date-Modified = {2015-06-22 01:33:10 +0000},
	Month = {October},
	Pages = {347-358},
	Title = {Minimal subsidies in expense sharing games},
	Year = {2010}}

@article{SS66,
	Author = {Lloyd S. Shapley and Martin Shubik},
	Date-Added = {2015-06-22 01:29:35 +0000},
	Date-Modified = {2015-06-22 01:30:28 +0000},
	Journal = {Econometrica},
	Month = {October},
	Number = {4},
	Pages = {805--827},
	Title = {Quasi-cores in a monetary economy with nonconvex preferences},
	Volume = {34},
	Year = {1966}}

@phdthesis{Gil53,
	Author = {Donald Bruce Gillies},
	Date-Added = {2015-06-22 01:27:56 +0000},
	Date-Modified = {2015-06-22 01:29:13 +0000},
	School = {Princeton University},
	Title = {Some Theorems on n-Person Games},
	Year = {1953}}

@inproceedings{BMZRR09,
	Address = {Budapest, Hungary},
	Author = {Yoram Bachrach and Reshef Meir and Michael Zuckerman and J{\"o}rg Rothe and Jeffrey S. Rosenschein},
	Booktitle = {Proceedings of The 8th International Conference on Autonomous Agents and Multiagent Systems (AAMAS)},
	Date-Added = {2015-06-22 01:20:03 +0000},
	Date-Modified = {2015-06-22 01:23:31 +0000},
	Month = {May},
	Pages = {1289-1290},
	Title = {The cost of stability in weighted voting games},
	Volume = {2},
	Year = {2009}}

@article{EGGW09b,
	Author = {Edith Elkind and Leslie Ann Goldberg and Paul W. Goldberg and Michael Wooldridge},
	Date-Added = {2015-06-22 01:16:59 +0000},
	Date-Modified = {2015-06-22 01:19:28 +0000},
	Journal = {Annals of Mathematics and Artificial Intelligence},
	Number = {2},
	Pages = {109-131},
	Title = {On the computational complexity of weighted voting games},
	Volume = {56},
	Year = {2009}}

@inproceedings{ACEFGS11,
	Address = {Barcelona, Spain},
	Author = {John Augustine and Ning Chen and Edith Elkind and Angelo Fanelli and Nick Gravin and Dmitry Shiryaev},
	Booktitle = {Proceedings of the 22nd International Joint Conference on Artificial Intelligence (IJCAI},
	Date-Added = {2015-06-22 01:13:18 +0000},
	Date-Modified = {2015-07-05 14:15:32 +0000},
	Month = {July},
	Pages = {37-42},
	Title = {Dynamics of profit-sharing games},
	Year = {2011}}

@article{BPR13,
	Author = {Yoram Bachrach and Ely Porat and Jeffrey S. Rosenschein},
	Date-Added = {2015-06-22 01:11:18 +0000},
	Date-Modified = {2015-06-22 01:12:33 +0000},
	Journal = {Journal of Artificial Intelligence Research},
	Month = {June},
	Pages = {281-311},
	Title = {Sharing rewards in cooperative connectivity games},
	Volume = {47},
	Year = {2013}}

@inproceedings{CRKRR11,
	Address = {Taipei, Taiwan},
	Author = {Georgios Chalkiadakis and Valentin Robu and Ramachandra Kota and Alex Rogers and Nicholas R. Jennings},
	Booktitle = {Proceedings of the 10th International Joint Conference on Autonomous Agents and Multiagent Systems (AAMAS)},
	Date-Added = {2015-06-22 01:00:44 +0000},
	Date-Modified = {2015-06-27 23:00:01 +0000},
	Month = {May},
	Pages = {787-794},
	Title = {Cooperatives of distributed energy resources for efficient virtual power plants},
	Year = {2011}}

@incollection{CN11,
	Author = {Tallichetty S. Chandrashekar and Yadati Narahari},
	Booktitle = {Planning Production and Inventories in the Extended Enterprise},
	Date-Added = {2015-06-22 00:53:23 +0000},
	Date-Modified = {2015-07-05 14:19:06 +0000},
	Pages = {185-206},
	Publisher = {Springer},
	Series = {International Series in Operations Research \& Management Science},
	Title = {Procurement network formation: A cooperative game approach},
	Volume = {152},
	Year = {2011}}

@inproceedings{BDET10,
	Address = {Atlanta, Georgia},
	Author = {Ronen I. Brafman and Carmel Domshlak and Yagil Engel and Moshe Tennenholtz},
	Booktitle = {Proceedings of the 24th National Conference on Artificial Intelligence (AAAI)},
	Date-Added = {2015-06-22 00:49:32 +0000},
	Date-Modified = {2015-06-22 00:53:07 +0000},
	Month = {July},
	Pages = {709-714},
	Title = {Transferable utility planning games},
	Year = {2010}}

@inproceedings{ABH10,
	Address = {Toronto, Canada},
	Author = {Haris Aziz and Felix Brandt and Paul Harrenstein},
	Booktitle = {Proceedings of the 9th International Conference on Autonomous Agents and Multiagent Systems (AAMAS)},
	Date-Added = {2015-06-22 00:47:23 +0000},
	Date-Modified = {2015-06-22 00:49:01 +0000},
	Month = {May},
	Pages = {1107--1114},
	Title = {Monotone cooperative games and their threshold versions},
	Volume = {1},
	Year = {2010}}

@inproceedings{ALPS09,
	Address = {San Francisco, California},
	Author = {Haris Aziz and Oded Lachish and Mike Paterson and Rahul Savani},
	Booktitle = {Proceedings of the 5th International Conference on Algorithmic Aspects in Information and Management (AAIM)},
	Date-Added = {2015-06-22 00:42:34 +0000},
	Date-Modified = {2015-06-22 01:34:09 +0000},
	Month = {June},
	Pages = {55-67},
	Title = {Power indices in spanning connectivity games},
	Year = {2009}}

@article{SS71,
	Author = {Lloyd S. Shapley and Martin Shubik},
	Date-Added = {2015-06-22 00:39:58 +0000},
	Date-Modified = {2015-06-22 00:41:44 +0000},
	Journal = {International Journal of Game Theory},
	Number = {1},
	Pages = {111-130},
	Title = {The assignment game {I}: The core},
	Volume = {1},
	Year = {1971}}

@book{OR94,
	Author = {Martin J. Osborne and Ariel Rubinstein},
	Date-Added = {2015-06-22 00:37:59 +0000},
	Date-Modified = {2015-06-22 00:38:55 +0000},
	Publisher = {MIT Press},
	Title = {A Course in Game Theory},
	Year = 1994}

@book{GJ79,
	Author = {Michael R. Garey and David S. Johnson},
	Date-Added = {2015-06-21 17:26:48 +0000},
	Date-Modified = {2015-06-21 17:26:48 +0000},
	Publisher = {W. H. Freeman},
	Series = {Series of Books in the Mathematical Sciences},
	Title = {Computers and Intractability: A Guide to the Theory of NP-Completeness},
	Year = {1979}}

@article{KT84,
	Author = {Daniel Kahneman and Amos Tversky},
	Date-Added = {2015-06-16 01:12:59 +0000},
	Date-Modified = {2015-06-16 01:14:38 +0000},
	Journal = {American Psychologist},
	Month = {April},
	Number = {4},
	Pages = {341-350},
	Title = {Choices, values, and frames},
	Volume = {39},
	Year = {1984}}

@article{Saa90,
	Author = {Donald G. Saari},
	Date-Added = {2015-06-08 21:45:33 +0000},
	Date-Modified = {2015-06-08 21:46:55 +0000},
	Journal = {Public Choice},
	Pages = {21-41},
	Title = {Susceptibility to manipulation},
	Volume = {64},
	Year = {1990}}

@inproceedings{MW13,
	Address = {Brussels, Belguim},
	Author = {Nicholas Mattei and Toby Walsh},
	Booktitle = {Proceedings of the 3rd International Conference on Algorithmic Decision Theory (ADT)},
	Date-Added = {2015-06-08 05:26:30 +0000},
	Date-Modified = {2015-06-08 05:30:32 +0000},
	Month = {November},
	Pages = {259-270},
	Title = {PrefLib: A Library of Preference Data},
	Year = {2013}}

@inproceedings{DLS13,
	Address = {Chennai, India},
	Author = {Hans van Ditmarsch and J{\'e}r{\^o}me Lang and Abdallah Saffidine},
	Booktitle = {Proceedings of the 14th Conference on Theoretical Aspects of Rationality and Knowledge (TARK)},
	Date-Added = {2015-06-08 03:04:53 +0000},
	Date-Modified = {2015-06-08 03:10:34 +0000},
	Month = {January},
	Pages = {196-205},
	Title = {Strategic voting and the logic of knowledge},
	Year = {2013}}

@inproceedings{RWK12,
	Address = {Krak{\`o}w, Poland},
	Author = {Reyhaneh Reyhani and Mark C. Wilson and Javad Khazaei},
	Booktitle = {Proceedings of COMSOC},
	Date-Added = {2015-06-08 02:46:34 +0000},
	Date-Modified = {2015-06-08 02:50:37 +0000},
	Month = {September},
	Pages = {359-370},
	Title = {Coordination via Polling in Plurality Voting Games under Inertia},
	Year = {2012}}

@inproceedings{RE12,
	Address = {Valencia, Spain},
	Author = {Annemieke Reijngoud and Ulle Endriss},
	Booktitle = {Proceedings of the 11th International Conference on Autonomous Agents and Multiagent Systems (AAMAS)},
	Date-Added = {2015-06-08 02:36:21 +0000},
	Date-Modified = {2015-06-08 02:38:26 +0000},
	Month = {June},
	Pages = {635-644},
	Title = {Voter response to iterated poll information},
	Volume = {2},
	Year = {2012}}

@book{Rub98,
	Author = {Ariel Rubinstein},
	Date-Added = {2015-06-08 02:27:15 +0000},
	Date-Modified = {2015-06-08 02:28:44 +0000},
	Publisher = {MIT Press},
	Title = {Modelling Bounded Rationality},
	Year = {1998}}

@inproceedings{CWX11,
	Address = {San Francisco, California},
	Author = {Vincent Conitzer and Toby Walsh and Lirong Xia},
	Booktitle = {Proceedings of the 25th National Conference on Artificial Intelligence (AAAI)},
	Date-Added = {2015-06-08 02:06:46 +0000},
	Date-Modified = {2015-06-08 02:09:36 +0000},
	Month = {August},
	Pages = {638-643},
	Title = {Dominating Manipulations in Voting with Partial Information},
	Year = {2011}}

@article{BYFL95,
	Author = {Andr{\'e} Blais and Robert Young and Christopher Fleury and Miriam Lapp},
	Date-Added = {2015-06-08 01:56:44 +0000},
	Date-Modified = {2015-06-08 01:58:05 +0000},
	Journal = {Political Research Quarterly},
	Month = {December},
	Number = {4},
	Pages = {827-836},
	Title = {Do People Vote on the Basis of Minimax Regret?},
	Volume = {48},
	Year = {1995}}

@incollection{Mer82,
	Author = {Samuel Merill},
	Booktitle = {Power, Voting, and Voting Power},
	Date-Added = {2015-06-08 01:51:09 +0000},
	Date-Modified = {2015-06-08 01:54:13 +0000},
	Editor = {Manfred J. Holler},
	Pages = {179-187},
	Publisher = {Physica-Verlag Heidelberg},
	Title = {Strategic Voting in Multicandidate Elections under Uncertainty and under Risk},
	Year = {1982}}

@book{Far69,
	Author = {Robin Farquharson},
	Date-Added = {2015-06-08 01:47:08 +0000},
	Date-Modified = {2015-06-08 01:47:43 +0000},
	Publisher = {Yale University Press},
	Title = {Theory of Voting},
	Year = {1969}}

@incollection{Led80,
	Author = {John O. Ledyard},
	Booktitle = {Essays in Contemporary Fields of Economics},
	Date-Added = {2015-06-08 01:42:58 +0000},
	Date-Modified = {2015-06-08 01:45:46 +0000},
	Editor = {G. Horwich and J. Quirk},
	Pages = {54-80},
	Publisher = {Purdue University Press},
	Title = {The Paradox of Voting and Candidate Competition: A General Equilibrium Analysis},
	Year = {1982}}

@article{FF74,
	Author = {John A. Ferejohn and Morris P. Fiorina},
	Date-Added = {2015-06-08 01:39:56 +0000},
	Date-Modified = {2015-06-08 01:41:22 +0000},
	Journal = {American Political Science Review},
	Month = {June},
	Pages = {525-536},
	Title = {The Paradox of Not Voting: A Decistion Theoretic Analysis},
	Volume = {68},
	Year = {1974}}

@article{AN00,
	Author = {Ramon Michael Alvarez and Jonathan Nagler},
	Date-Added = {2015-06-08 01:26:41 +0000},
	Date-Modified = {2015-06-21 21:02:40 +0000},
	Journal = {British Journal of Political Science},
	Month = {January},
	Number = {1},
	Pages = {55-75},
	Title = {A New Approach for Modelling Strategic Voting in Multiparty Elections},
	Volume = {30},
	Year = {2000}}

@article{PR83,
	Author = {Thomas R. Palfrey and Howard Rosenthal},
	Date-Added = {2015-06-08 01:13:59 +0000},
	Date-Modified = {2015-06-08 01:15:03 +0000},
	Journal = {Public Choice},
	Number = {1},
	Pages = {7-53},
	Title = {A Strategic Calculus of Voting},
	Volume = {41},
	Year = {1983}}

@article{SD75,
	Author = {Jonathan Silberman and Garey Durden},
	Date-Added = {2015-06-08 01:09:25 +0000},
	Date-Modified = {2015-06-08 01:10:46 +0000},
	Journal = {Public Choice},
	Number = {1},
	Pages = {101-108},
	Title = {The rational behavior theory of voter participation},
	Volume = {23},
	Year = {1975}}

@techreport{MP05,
	Author = {Matthias Messner and Mattias K. Polborn},
	Date-Added = {2015-06-08 00:29:48 +0000},
	Date-Modified = {2015-06-08 00:46:16 +0000},
	Institution = {IGIER (Innocenzo Gasparini Institute for Economic Research)},
	Month = {April},
	Number = {288},
	Title = {Robust Political Equilibria under Plurality and Runoff Rule},
	Type = {Working Paper},
	Year = {2005}}

@article{OG84,
	Author = {Guillermo Owen and Bernard Grofman},
	Date-Added = {2015-06-08 00:08:47 +0000},
	Date-Modified = {2015-06-08 00:09:57 +0000},
	Journal = {Public Choice},
	Month = {March},
	Number = {3},
	Pages = {311-325},
	Title = {To Vote or Not to Vote: The Paradox of Nonvoting},
	Volume = {42},
	Year = {1984}}

@inproceedings{BCMP13,
	Address = {Bellevue, Washington},
	Author = {Simina Br{\^a}nzei and Ioannis Caragiannis and Jamie Morgenstern and Ariel D. Procaccia},
	Booktitle = {Proceedings of the 27th National Conference on Artificial Intelligence (AAAI)},
	Date-Added = {2015-05-31 02:16:50 +0000},
	Date-Modified = {2015-05-31 02:21:50 +0000},
	Month = {July},
	Pages = {138-144},
	Title = {How Bad Is Selfish Voting?},
	Year = {2013}}

@inproceedings{RW12,
	Address = {Montpellier, France},
	Author = {Reyhaneh Reyhani and Mark C. Wilson},
	Booktitle = {Proceedings of the 20th European Conference on Artificial Intelligence (ECAI)},
	Date-Added = {2015-05-31 02:11:57 +0000},
	Date-Modified = {2015-05-31 02:14:52 +0000},
	Month = {June},
	Pages = {672-677},
	Title = {Best-reply dynamics for scoring rules},
	Volume = {2},
	Year = {2012}}

@article{JCSR02,
	Author = {Eric J. Johnson and Colin Camerer and Sankar Sen and Talia Rymon},
	Date-Added = {2015-05-31 01:42:39 +0000},
	Date-Modified = {2015-05-31 01:43:52 +0000},
	Journal = {Journal of Economic Theory},
	Month = {May},
	Number = {1},
	Pages = {16-47},
	Title = {Detecting Failures of Backward Induction: Monitoring Information Search in Sequential Bargaining},
	Volume = {104},
	Year = {2002}}

@article{DP00,
	Author = {Eddie Dekel and Michele Piccione},
	Date-Added = {2015-05-31 01:38:59 +0000},
	Date-Modified = {2015-05-31 01:39:53 +0000},
	Journal = {Journal of Political Economy},
	Month = {February},
	Number = {1},
	Pages = {34-55},
	Title = {Sequential Voting Procedures in Symmetric Binary Elections},
	Volume = {108},
	Year = {2000}}

@article{MN78,
	Author = {Richard D. McKelvey and Richard G. Niemi},
	Date-Added = {2015-05-31 01:35:51 +0000},
	Date-Modified = {2015-05-31 01:37:47 +0000},
	Journal = {Journal of Economic Theory},
	Month = {June},
	Number = {1},
	Pages = {1-22},
	Title = {A Multistage Game Representation of Sophisticated Voting for Binary Procedures},
	Volume = {18},
	Year = {1978}}

@article{Slo93,
	Author = {Birgitte Sloth},
	Date-Added = {2015-05-31 01:32:21 +0000},
	Date-Modified = {2015-05-31 01:38:09 +0000},
	Journal = {Games and Economic Behavior},
	Month = {January},
	Number = {1},
	Pages = {152-169},
	Title = {The Theory of Voting and Equilibria in Noncooperative Games},
	Volume = {5},
	Year = {1993}}

@article{Ros73,
	Author = {Robert W. Rosenthal},
	Date-Added = {2015-05-19 17:30:26 +0000},
	Date-Modified = {2015-05-19 17:31:35 +0000},
	Journal = {International Journal of Game Theory},
	Number = {1},
	Pages = {65-67},
	Title = {A class of games possessing pure-strategy Nash equilibria},
	Volume = {2},
	Year = {1973}}

@inproceedings{JL10,
	Author = {Albert Xin Jiang and Kevin Leyton-Brown},
	Booktitle = {Proceedings of the 24th Conference on Neural Information Processing Systems (NIPS)},
	Date-Added = {2015-05-18 22:43:54 +0000},
	Date-Modified = {2015-05-18 22:44:01 +0000},
	Title = {Bayesian {Action-Graph Games}},
	Year = {2010}}

@inproceedings{OMPRJ15,
	Address = {Austin, Texas},
	Author = {Svetlana Obraztsova and Evangelos Markakis and Maria Polukarov and Zinovi Rabinovich and Nicholas R. Jennings},
	Booktitle = {Proceedings of the 29th Conference on Artificial Intelligence (AAAI)},
	Date-Added = {2015-05-18 01:47:10 +0000},
	Date-Modified = {2016-01-22 01:30:12 +0000},
	Month = {January},
	Pages = {993-999},
	Title = {On the Convergence of Iterative Voting: How Restrictive Should Restricted Dynamics Be?},
	Year = {2015}}

@inproceedings{Mei15,
	Address = {Austin, Texas},
	Author = {Reshef Meir},
	Booktitle = {Proceedings of the 29th Conference on Artificial Intelligence (AAAI)},
	Date-Added = {2015-05-18 01:45:04 +0000},
	Date-Modified = {2016-01-22 01:30:20 +0000},
	Month = {January},
	Pages = {2103-2109},
	Title = {Plurality Voting under Uncertainty},
	Year = {2015}}

@article{Fis74,
	Author = {Peter C. Fishburn},
	Date-Added = {2015-05-18 00:07:55 +0000},
	Date-Modified = {2015-05-18 00:10:03 +0000},
	Journal = {American Political Science Review},
	Month = {June},
	Number = {2},
	Pages = {537-546},
	Title = {Paradoxes of Voting},
	Volume = {68},
	Year = {1974}}

@inproceedings{SS01,
	Address = {Dublin, Ireland},
	Author = {Rashmi R. Sinha and Kirsten Swearingen},
	Booktitle = {Proceedings of the 2nd DELOS Network of Excellence Workshop on Personalisation and Recommender Systems in Digital Libraries},
	Date-Added = {2015-04-24 01:49:48 +0000},
	Date-Modified = {2015-07-05 14:29:13 +0000},
	Month = {June},
	Title = {Comparing Recommendations Made by Online Systems and Friends},
	Year = {2001}}

@article{Nash51,
	Author = {John Nash},
	Date-Added = {2015-04-23 01:34:23 +0000},
	Date-Modified = {2015-04-23 01:35:33 +0000},
	Journal = {Annals of Mathematics},
	Month = {September},
	Number = {2},
	Pages = {286-295},
	Title = {Non-Cooperative Games},
	Volume = {54},
	Year = {1951}}

@article{KT79,
	Author = {Daniel Kahneman and Amos Tversky},
	Date-Added = {2015-04-23 01:19:39 +0000},
	Date-Modified = {2015-04-23 01:20:20 +0000},
	Journal = {Econometrica},
	Month = {March},
	Number = {2},
	Pages = {263-292},
	Title = {Prospect Theory: An Analysis of Decision under Risk},
	Volume = {47},
	Year = {1979}}

@article{TK74,
	Author = {Amos Tversky and Daniel Kahneman},
	Date-Added = {2015-04-23 01:18:24 +0000},
	Date-Modified = {2015-04-23 01:19:00 +0000},
	Journal = {Science},
	Month = {September},
	Number = {4157},
	Pages = {1124-1131},
	Title = {Judgment under Uncertainty: Heuristics and Biases},
	Volume = {185},
	Year = {1974}}

@article{TK81,
	Author = {Amos Tversky and Daniel Kahneman},
	Date-Added = {2015-04-23 01:16:49 +0000},
	Date-Modified = {2015-04-23 01:17:47 +0000},
	Journal = {Science},
	Month = {January},
	Number = {4481},
	Pages = {453-458},
	Title = {The framing of decisions and the psychology of choice},
	Volume = {211},
	Year = {1981}}

@inproceedings{GLRVW13,
	Address = {Brussels, Belguim},
	Author = {Umberto Grandi and Andrea Loreggia and Francesca Rossi and Kristen Brent Venable and Toby Walsh},
	Booktitle = {Proceedings of 3rd International Conference of Algorithmic Decision Theory (ADT)},
	Date-Added = {2015-02-10 20:59:33 +0000},
	Date-Modified = {2016-10-11 66:24:16 AM +0000},
	Month = {November},
	Pages = {181-192},
	Title = {Restricted Manipulation in Iterative Voting: {C}ondorcet Efficiency and {B}orda Score},
	Year = {2013}}

@inproceedings{OMT13,
	Address = {Aachen, Germany},
	Author = {Svetlana Obraztsova and Evangelos Markakis and David Robert Martin Thompson},
	Booktitle = {Proceedings of the 6th International Symposium on Algorithmic Game Theory (SAGT)},
	Date-Added = {2015-02-10 20:46:47 +0000},
	Date-Modified = {2015-02-10 20:51:43 +0000},
	Month = {October},
	Pages = {26-37},
	Title = {Plurality Voting with Truth-Biased Agents},
	Year = {2013}}

@inproceedings{OLMZR15a,
	Address = {Istanbul, Turkey},
	Author = {Svetlana Obraztsova and Omer Lev and Vangelis Markakis and Zinovi Rabinovich and Jeffrey S. Rosenschein},
	Booktitle = {Proceedings of the 14th International Joint Conference on Autonomous Agents and Multiagent Systems (AAMAS)},
	Date-Added = {2015-02-09 14:58:58 +0000},
	Date-Modified = {2015-06-23 14:40:31 +0000},
	Month = {May},
	Title = {Beyond Plurality: Truth-Bias in Binary Scoring Rules},
	Year = {2015}}

@article{JMNRRRR14,
	Author = {Nicholas R. Jennings and L. Moreau and D. Nicholson and S. Ramchurn and S. Roberts and T. Rodden and A. Rogers},
	Date-Added = {2015-01-12 00:40:23 +0000},
	Date-Modified = {2015-01-12 00:43:26 +0000},
	Journal = {Communications of the ACM},
	Month = {December},
	Number = {12},
	Pages = {80-88},
	Title = {Human-agent collectives},
	Volume = {57},
	Year = {2014}}

@inproceedings{AKL08,
	Address = {Qatar},
	Author = {Benjamin Aminof and Orna Kupferman and Omer Lev},
	Booktitle = {Proceedings of the 15th International Conference on Logic for Programming, Artificial Intelligence and Reasoning (LPAR)},
	Date-Added = {2015-01-05 01:11:28 +0000},
	Date-Modified = {2015-01-05 01:13:42 +0000},
	Month = {November},
	Pages = {183-197},
	Title = {On the Relative Succinctness of Nondeterministic B{\"u}chi and co-B{\"u}chi Word Automata},
	Year = {2008}}

@article{JCP14,
	Author = {Shaili Jain and Yiling Chen and David C. Parkes},
	Date-Added = {2014-12-24 23:31:53 +0000},
	Date-Modified = {2014-12-24 23:32:42 +0000},
	Journal = {Games and Economic Behavior},
	Month = {July},
	Pages = {456-474},
	Title = {Designing Incentives for Online Question and Answer Forums},
	Volume = {86},
	Year = {2014}}

@inproceedings{YCS14,
	Address = {Pittsburgh, Pennsylvania},
	Author = {Ming Yin and Yiling Chen and Yu-An Sun},
	Booktitle = {Proceedings of the 2nd AAAI Conference on Human Computation and Crowdsourcing (HCOMP)},
	Date-Added = {2014-12-24 23:30:16 +0000},
	Date-Modified = {2014-12-24 23:33:00 +0000},
	Month = {November},
	Title = {Monetary Interventions in Crowdsourcing Task Switching},
	Year = {2014}}

@inproceedings{BNL14,
	Address = {Seoul, Korea},
	Author = {Moshe Babaioff and Noam Nisan and Renato Paes Leme},
	Booktitle = {Proceedings of the 23rd international conference on World Wide Web (WWW)},
	Date-Added = {2014-11-25 09:30:08 +0000},
	Date-Modified = {2015-10-29 02:24:16 +0000},
	Month = {April},
	Pages = {711-722},
	Title = {Price Competition in Online Combinatorial Markets},
	Year = {2014}}

@inproceedings{LOBR15,
	Address = {Austin, Texas},
	Author = {Omer Lev and Joel Oren and Craig Boutilier and Jeffrey S. Rosenschein},
	Booktitle = {Proceedings of the 29th Conference on Artificial Intelligence (AAAI)},
	Date-Added = {2014-11-18 18:04:18 +0000},
	Date-Modified = {2016-04-03 22:44:30 +0000},
	Month = {January},
	Pages = {972-978},
	Title = {The Pricing War Continues: On Competitive Multi-Item Pricing},
	Url = {http://www.cs.toronto.edu/~omerl/papers/aaai15b.pdf},
	Year = {2015},
	Bdsk-Url-1 = {http://www.cs.toronto.edu/~omerl/papers/aaai15b.pdf}}

@unpublished{BL15,
	Author = {Yoram Bachrach and Omer Lev},
	Date-Added = {2014-11-18 17:57:58 +0000},
	Date-Modified = {2014-12-25 15:35:58 +0000},
	Note = {In submission},
	Title = {Human Input on Crowdfunding Projects: Can People Separate the Diamond from the Rough?}}

@inproceedings{LTZ15,
	Address = {Pittsburgh, Pennsylvania},
	Author = {Omer Lev and Moshe Tennenholtz and Aviv Zohar},
	Booktitle = {Proceedings of the 15th Conference on Theoretical Aspects of Rationality and Knowledge (TARK)},
	Date-Added = {2014-11-18 17:44:39 +0000},
	Date-Modified = {2016-04-03 22:44:54 +0000},
	Month = {June},
	Pages = {173-180},
	Title = {An Axiomatic Approach to Routing},
	Url = {http://www.cs.toronto.edu/~omerl/papers/tark15.pdf},
	Year = {2015},
	Bdsk-Url-1 = {http://www.cs.toronto.edu/~omerl/papers/tark15.pdf}}

@inproceedings{AFLT15,
	Address = {Buenos Aires, Argentina},
	Author = {Noga Alon and Michal Feldman and Omer Lev and Moshe Tennenholtz},
	Booktitle = {Proceedings of the 24th International Joint Conference on Artificial Intelligence (IJCAI)},
	Date-Added = {2014-11-18 17:08:22 +0000},
	Date-Modified = {2016-07-29 07:08:39 +0000},
	Month = {July},
	Pages = {2055-2061},
	Title = {How robust is the wisdom of the crowds?},
	Url = {http://www.cs.toronto.edu/~omerl/papers/ijcai15b.pdf},
	Year = {2015},
	Bdsk-Url-1 = {http://www.cs.toronto.edu/~omerl/papers/ijcai15b.pdf}}

@unpublished{LT16,
	Author = {Omer Lev and Moshe Tennenholtz},
	Date-Added = {2014-11-18 13:23:01 +0000},
	Date-Modified = {2016-07-31 04:47:47 +0000},
	Month = {August},
	Note = {In submission},
	Title = {Group Recommendations: Axioms, Impossibilities, and Random Walks},
	Year = {2016}}

@inproceedings{KLMP15,
	Address = {Buenos Aires, Argentina},
	Author = {David Kurokawa and Omer Lev and Jamie Morgenstern and Ariel D. Procaccia},
	Booktitle = {Proceedings of the 24th International Joint Conference on Artificial Intelligence (IJCAI)},
	Date-Added = {2014-11-18 03:18:07 +0000},
	Date-Modified = {2016-07-29 07:08:27 +0000},
	Month = {July},
	Pages = {582-588},
	Title = {Impartial Peer Review},
	Url = {http://www.cs.toronto.edu/~omerl/papers/ijcai15a.pdf},
	Year = {2015},
	Bdsk-Url-1 = {http://www.cs.toronto.edu/~omerl/papers/ijcai15a.pdf}}

@inproceedings{BLLRZ14,
	Address = {Paris, France},
	Author = {Yoram Bachrach and Omer Lev and Shachar Lovett and Jeffrey S. Rosenschein and Morteza Zadimoghaddam},
	Booktitle = {Proceedings of the 13th International Joint Conference on Autonomous Agents and Multiagent Systems (AAMAS)},
	Date-Added = {2014-11-18 03:12:30 +0000},
	Date-Modified = {2016-04-03 22:43:00 +0000},
	Month = {May},
	Pages = {589-596},
	Title = {Cooperative Weakest Link Games},
	Url = {http://www.cs.toronto.edu/~omerl/papers/aamas14.pdf},
	Year = {2014},
	Bdsk-Url-1 = {http://www.cs.toronto.edu/~omerl/papers/aamas14.pdf}}

@inproceedings{LLBR13,
	Address = {Beijing, China},
	Author = {Yoad Lewenberg and Omer Lev and Yoram Bachrach and Jeffrey S. Rosenschein},
	Booktitle = {Proceedings of the 23rd International Joint Conference on Artificial Intelligence (IJCAI)},
	Date-Added = {2014-11-18 03:01:32 +0000},
	Date-Modified = {2016-07-29 07:08:50 +0000},
	Month = {August},
	Pages = {241-247},
	Title = {Agent Failures in All-Pay Auctions},
	Url = {http://www.cs.toronto.edu/~omerl/papers/ijcai13.pdf},
	Year = {2013},
	Bdsk-Url-1 = {http://www.cs.toronto.edu/~omerl/papers/ijcai13.pdf}}

@inproceedings{ROLMR15,
	Address = {Austin, Texas},
	Author = {Zinovi Rabinovich and Svetlana Obraztsova and Omer Lev and Evangelos Markakis and Jeffrey S. Rosenschein},
	Booktitle = {Proceedings of the 29th AAAI Conference on Artificial Intelligence (AAAI)},
	Date-Added = {2014-11-18 02:39:20 +0000},
	Date-Modified = {2016-04-03 22:44:13 +0000},
	Month = {January},
	Pages = {1007-1013},
	Title = {Analysis of Equilibria in Iterative Voting Schemes},
	Url = {http://www.cs.toronto.edu/~omerl/papers/aaai15a.pdf},
	Year = {2015},
	Bdsk-Url-1 = {http://www.cs.toronto.edu/~omerl/papers/aaai15a.pdf}}

@inproceedings{TBM10,
	Address = {Toronto, Canada},
	Author = {Rudra M. Tripathy and Amitabha Bagchi and Sameep Mehta},
	Booktitle = {Proceedings of the 19th ACM international conference on Information and knowledge management (CIKM)},
	Date-Added = {2014-10-30 01:44:24 +0000},
	Date-Modified = {2014-10-30 01:45:59 +0000},
	Month = {October},
	Pages = {1817-1820},
	Title = {A study of rumor control strategies on social networks},
	Year = {2010}}

@article{Gra73,
	Author = {Mark S. Granovetter},
	Date-Added = {2014-10-30 01:39:52 +0000},
	Date-Modified = {2014-10-30 01:40:29 +0000},
	Journal = {American Journal of Sociology},
	Month = {May},
	Number = {6},
	Pages = {136-1380},
	Title = {The Strength of Weak Ties},
	Volume = {78},
	Year = {1973}}

@inproceedings{FILW14,
	Author = {Michal Feldman and Nicole Immorlica and Brendan Lucier and S. Matthew Weinberg},
	Booktitle = {Proceedings of the 17th. International Workshop on Approximation Algorithms for Combinatorial Optimization Problems (APPROX)},
	Date-Added = {2014-10-30 01:19:39 +0000},
	Date-Modified = {2014-10-30 01:21:39 +0000},
	Title = {Reaching Consensus via non-Bayesian Asynchronous Learning in Social Networks},
	Year = {2014}}

@article{MNT14,
	Author = {Elchanan Mossel and Joe Neeman and Omer Tamuz},
	Date-Added = {2014-10-30 01:14:11 +0000},
	Date-Modified = {2014-10-30 01:19:03 +0000},
	Journal = {Autonomous Agents and Multi-Agent Systems},
	Month = {May},
	Number = {3},
	Pages = {408-429},
	Title = {Majority Dynamics and Aggregation of Information in Social Networks},
	Volume = {28},
	Year = {2014}}

@inproceedings{GWG12,
	Address = {Valencia, Spain},
	Author = {Sharad Goel and Duncan J. Watts and Daniel G. Goldstein},
	Booktitle = {Proceedings of the 13th ACM Conference on Electronic Commerce (EC)},
	Date-Added = {2014-10-30 00:50:47 +0000},
	Date-Modified = {2014-10-30 00:52:00 +0000},
	Month = {June},
	Pages = {623-638},
	Title = {The Structure of Online Diffusion Networks},
	Year = {2012}}

@article{Wat02,
	Author = {Duncan J. Watts},
	Date-Added = {2014-10-30 00:43:28 +0000},
	Date-Modified = {2014-10-30 00:44:12 +0000},
	Journal = {Proceedings of the National Academy of Sciences of the United States of America},
	Month = {April},
	Number = {9},
	Pages = {5766-5771},
	Title = {A Simple Model of Global Cascades on Random Networks},
	Volume = {99},
	Year = {2002}}

@inproceedings{ABKLT12,
	Address = {Valencia, Spain},
	Author = {Noga Alon and Moshe Babaioff and Ron Karidi and Ron Lavi and Moshe Tennenholtz},
	Booktitle = {Proceedings of the 13th ACM Conference on Electronic Commerce (EC)},
	Date-Added = {2014-10-30 00:40:01 +0000},
	Date-Modified = {2014-10-30 00:42:01 +0000},
	Month = {June},
	Pages = {36},
	Title = {Sequential voting with externalities: herding in social networks},
	Year = {2012}}

@inproceedings{KKT03,
	Address = {Washington D.C.},
	Author = {David Kempe and Jon Kleinberg and {\'E}va Tardos},
	Booktitle = {Proceedings of the 9th ACM SIGKDD international conference on Knowledge discovery and data mining (KDD)},
	Date-Added = {2014-10-30 00:13:31 +0000},
	Date-Modified = {2014-10-30 00:15:41 +0000},
	Month = {August},
	Pages = {137-146},
	Title = {Maximizing the spread of influence through a social network},
	Year = {2003}}

@article{LW08,
	Author = {Dunia L{\'o}pez-Pintado and Duncan J. Watts},
	Date-Added = {2014-10-29 23:50:34 +0000},
	Date-Modified = {2014-10-29 23:51:42 +0000},
	Journal = {Rationality and Society},
	Month = {November},
	Number = {4},
	Pages = {399-443},
	Title = {Social Influence, Binary Decisions and Collective Dynamics},
	Volume = {20},
	Year = {2008}}

@article{KOT97,
	Author = {Tatsuya Kameda and Yohsuke Ohtsubo and Masanori Takezawa},
	Date-Added = {2014-10-29 23:35:06 +0000},
	Date-Modified = {2014-10-29 23:36:18 +0000},
	Journal = {Journal of Personality and Social Psychology},
	Number = {2},
	Pages = {296-309},
	Title = {Centrality in sociocognitive networks and social influence: An illustration in a group decision-making context},
	Volume = {73},
	Year = {1997}}

@inproceedings{TSY09,
	Address = {Paris, France},
	Author = {Jie Tang and Jimeng Sun and Chi Wang and Zi Yang},
	Booktitle = {Proceedings of the 15th ACM SIGKDD international conference on Knowledge discovery and data mining (KDD)},
	Date-Added = {2014-10-29 23:31:32 +0000},
	Date-Modified = {2015-07-29 21:42:09 +0000},
	Month = {June},
	Pages = {807-816},
	Title = {Social influence analysis in large-scale networks},
	Year = {2009}}

@article{You09,
	Author = {H. Peyton Young},
	Date-Added = {2014-10-29 23:26:10 +0000},
	Date-Modified = {2014-10-29 23:26:43 +0000},
	Journal = {American Economic Review},
	Number = {5},
	Pages = {1899-1924},
	Title = {Innovation Diffusion in Heterogeneous Populations: Contagion, Social Influence, and Social Learning},
	Volume = {99},
	Year = {2009}}

@techreport{You00,
	Author = {H. Peyton Young},
	Date-Added = {2014-10-29 23:21:06 +0000},
	Date-Modified = {2014-10-29 23:22:23 +0000},
	Institution = {John Hopkins University},
	Month = {May},
	Number = {437},
	Title = {The Diffusion of Innovations in Social Networks},
	Type = {Economic Working Paper},
	Year = {2000}}

@article{Mor00,
	Author = {Stephen Morris},
	Date-Added = {2014-10-29 23:17:14 +0000},
	Date-Modified = {2014-10-29 23:17:47 +0000},
	Journal = {The Review of Economic Studies},
	Month = {January},
	Number = {1},
	Pages = {57-78},
	Title = {Contagion},
	Volume = {67},
	Year = {2000}}

@article{Ell93,
	Author = {Glenn Ellison},
	Date-Added = {2014-10-29 23:10:21 +0000},
	Date-Modified = {2014-10-29 23:11:01 +0000},
	Journal = {Econometrica},
	Month = {September},
	Number = {5},
	Pages = {1047-1071},
	Title = {Learning, Local Interaction, and Coordination},
	Volume = {61},
	Year = {1993}}

@article{Blu93,
	Author = {Lawrence E. Blume},
	Date-Added = {2014-10-29 23:08:54 +0000},
	Date-Modified = {2014-10-29 23:40:04 +0000},
	Journal = {Games and Economic Behavior},
	Month = {June},
	Number = {3},
	Pages = {387-424},
	Title = {The Statistical Mechanics of Strategic Interaction},
	Volume = {5},
	Year = {1993}}

@inproceedings{RD02,
	Address = {Edmunton, Canada},
	Author = {Matthew Richardson and Pedro Domingos},
	Booktitle = {Proceedings of the 8th ACM SIGKDD international conference on Knowledge discovery and data mining (KDD)},
	Date-Added = {2014-10-29 23:04:21 +0000},
	Date-Modified = {2014-10-29 23:07:41 +0000},
	Month = {July},
	Pages = {61-70},
	Title = {Mining Knowledge-Sharing Sites for Viral Marketing},
	Year = {2002}}

@article{MMB90,
	Author = {Vijay Mahajan, Eitan Muller, Frank M. Bass},
	Date-Added = {2014-10-29 23:00:37 +0000},
	Date-Modified = {2014-10-29 23:01:19 +0000},
	Journal = {The Journal of Marketing},
	Month = {January},
	Number = {1},
	Pages = {1-26},
	Title = {New Product Diffusion Models in Marketing: A Review and Directions for Research},
	Volume = {54},
	Year = {1990}}

@article{GLM01,
	Author = {Jacob Goldenberg and Barak Libai and Eitan Muller},
	Date-Added = {2014-10-29 22:56:06 +0000},
	Date-Modified = {2014-10-29 22:57:08 +0000},
	Journal = {Marketing Letters},
	Number = {3},
	Pages = {211-223},
	Title = {Talk of the Network: A Complex Systems Look at the Underlying Process of Word-of-Mouth},
	Volume = {12},
	Year = {2001}}

@inproceedings{DR01,
	Address = {San Francisco, California},
	Author = {Pedro Domingos and Matthew Richardson},
	Booktitle = {Proceedings of the 7th ACM SIGKDD international conference on Knowledge discovery and data mining (KDD)},
	Date-Added = {2014-10-29 22:50:21 +0000},
	Date-Modified = {2014-10-29 23:06:34 +0000},
	Month = {August},
	Pages = {57-66},
	Title = {Mining the Network Value of Customers},
	Year = {2001}}

@article{BR87,
	Author = {Jacqueline Johnson Brown and Peter H. Reingen},
	Date-Added = {2014-10-29 22:41:22 +0000},
	Date-Modified = {2014-10-29 22:42:02 +0000},
	Journal = {Journal of Consumer Research},
	Month = {December},
	Number = {3},
	Pages = {350-362},
	Title = {Social Ties and Word-of-Mouth Referral Behavior},
	Volume = {14},
	Year = {1987}}

@article{KS85,
	Author = {Michael L. Katz and Carl Shapiro},
	Date-Added = {2014-10-29 22:37:54 +0000},
	Date-Modified = {2014-10-29 22:38:37 +0000},
	Journal = {The American Economic Review},
	Month = {June},
	Number = {3},
	Pages = {424-440},
	Title = {Network Externalities, Competition, and Compatibility},
	Volume = {75},
	Year = {1985}}

@article{FS85,
	Author = {Joseph Farrell and Garth Saloner},
	Date-Added = {2014-10-29 22:10:04 +0000},
	Date-Modified = {2014-10-29 22:11:24 +0000},
	Journal = {Rand Journal of Economics},
	Number = {1},
	Pages = {70-83},
	Title = {Standartization, Compatability, and Innovation},
	Volume = {16},
	Year = {1985}}

@article{Art89,
	Author = {W. Brian Arthur},
	Date-Added = {2014-10-29 22:05:04 +0000},
	Date-Modified = {2014-10-29 22:05:58 +0000},
	Journal = {The Economic Journal},
	Month = {March},
	Number = {394},
	Pages = {116-131},
	Title = {Competing Technologies, Increasing Returns, and Lock-In by Historical Events},
	Volume = {99},
	Year = {1989}}

@article{Ban92,
	Author = {Abhijit V. Banerjee},
	Date-Added = {2014-10-29 21:58:47 +0000},
	Date-Modified = {2014-10-29 21:59:33 +0000},
	Journal = {The Quarterly Journal of Economics},
	Month = {August},
	Number = {3},
	Pages = {797-817},
	Title = {A Simple Model of Herd Behavior},
	Volume = {107},
	Year = {1992}}

@book{AS08,
	Author = {Noga Alon and Joel H. Spencer},
	Date-Added = {2014-10-29 21:56:41 +0000},
	Date-Modified = {2014-10-29 21:57:30 +0000},
	Edition = {3rd},
	Publisher = {Wiley},
	Title = {The Probabilistic Method},
	Year = {2008}}

@article{BHW92,
	Author = {Sushil Bikhchandani and David Hirshleifer and Ivo Welch},
	Date-Added = {2014-10-29 21:54:16 +0000},
	Date-Modified = {2014-10-29 21:55:19 +0000},
	Journal = {Journal of Political Economy},
	Month = {October},
	Number = {5},
	Pages = {992-1026},
	Title = {A Theory of Fads, Fashion, Custom, and Cultural Change as Informational Cascades},
	Volume = {100},
	Year = {1992}}

@inproceedings{EKTZ11,
	Address = {San Jose, Califronia},
	Author = {Yuval Emek and Ron Karidi and Moshe Tennenholtz and Aviv Zohar},
	Booktitle = {Proceedings of the 12th ACM conference on Electronic Commerce (EC)},
	Date-Added = {2014-09-14 22:59:38 +0000},
	Date-Modified = {2016-01-22 01:26:13 +0000},
	Month = {June},
	Pages = {209-218},
	Title = {Mechanisms for multi-level marketing},
	Year = {2011}}

@article{AT10,
	Author = {Alon Altman and Moshe Tennenholtz},
	Date-Added = {2014-09-14 22:56:33 +0000},
	Date-Modified = {2014-09-14 22:57:50 +0000},
	Journal = {Journal of the ACM},
	Number = {4},
	Pages = {1-35},
	Title = {An axiomatic approach to personalized ranking systems},
	Volume = {57},
	Year = {2010}}

@book{Arr51,
	Author = {Kenneth Joseph Arrow},
	Date-Added = {2014-09-14 22:51:12 +0000},
	Date-Modified = {2014-09-14 22:55:20 +0000},
	Publisher = {Yale University Press},
	Title = {Social Choice and Individual Values},
	Year = {1951}}

@article{SYHL06,
	Author = {Yan Lindsay Sun and Wei Yu and Zhu Han and K. J.R. Liu},
	Date-Added = {2014-09-14 02:28:58 +0000},
	Date-Modified = {2014-09-14 02:30:42 +0000},
	Journal = {IEEE Journal on Selected Areas in Communications},
	Month = {September},
	Number = {2},
	Pages = {305-317},
	Title = {Information theoretic framework of trust modeling and evaluation for ad hoc networks},
	Volume = {24},
	Year = {2006}}

@article{HSE95,
	Author = {Shai Herzog and Scott Shenker and Deborah Estrin},
	Date-Added = {2014-09-14 02:24:26 +0000},
	Date-Modified = {2014-09-14 02:26:48 +0000},
	Journal = {IEEE/ACM Transactions on Networking},
	Month = {December},
	Number = {6},
	Pages = {847-860},
	Title = {Sharing the "cost" of Multicast Trees: An Axiomatic Analysis},
	Volume = {5},
	Year = {1997}}

@inproceedings{KNGLYE04,
	Address = {Venice, Italy},
	Author = {David Kotz and Calvin Newport and Robert S. Gray and Jason Liu and Yougu Yuan and Chip Elliott},
	Booktitle = {Proceedings of the 7th ACM international symposium on Modeling, analysis and simulation of wireless and mobile systems (MSWiM)},
	Date-Added = {2014-09-14 02:17:19 +0000},
	Date-Modified = {2014-09-14 02:18:52 +0000},
	Month = {October},
	Pages = {78-82},
	Title = {Experimental evaluation of wireless simulation assumptions},
	Year = {2004}}

@inproceedings{KKPB07,
	Address = {Kyoto, Japan},
	Author = {Martin Karsten and S. Keshav and Sanjiva Prasad and Mirza Beg},
	Booktitle = {Proceedings of the 2007 conference on Applications, technologies, architectures, and protocols for computer communications (SIGCOMM)},
	Date-Added = {2014-09-14 02:06:56 +0000},
	Date-Modified = {2014-09-14 02:12:44 +0000},
	Month = {August},
	Pages = {217-228},
	Title = {An axiomatic basis for communication},
	Year = {2007}}

@inproceedings{VP88,
	Author = {Tom S. Verma and Judea Pearl},
	Booktitle = {Proceedings of the 4th Conference on Uncertainty in Artificial Intelligence (UAI)},
	Date-Added = {2014-09-14 02:04:08 +0000},
	Date-Modified = {2014-09-14 02:06:48 +0000},
	Pages = {69-78},
	Title = {Causal Networks: Semantics and Expressiveness},
	Year = {1988}}

@inproceedings{GS05,
	Address = {Philadelphia, Pennsylvania},
	Author = {Timothy G. Griffin and Jo{\~a}o Lu{\'\i}s Sobrinho},
	Booktitle = {Proceedings of the 2005 conference on Applications, technologies, architectures, and protocols for computer communications (SIGCOMM)},
	Date-Added = {2014-09-14 01:48:22 +0000},
	Date-Modified = {2014-09-14 01:50:47 +0000},
	Month = {August},
	Pages = {1-12},
	Title = {Metarouting},
	Year = {2005}}

@book{MS58,
	Author = {James G. March and Herbert A. Simon},
	Date-Added = {2014-09-14 01:42:03 +0000},
	Date-Modified = {2018-04-20 012:38:56 AM +0000},
	Publisher = {John Wiley \& Sons},
	Title = {Organizations},
	Year = {1958}}

@book{Gal73,
	Author = {Jay R. Galbraith},
	Date-Added = {2014-09-14 01:39:54 +0000},
	Date-Modified = {2014-09-14 01:41:05 +0000},
	Publisher = {Addison-Wesley},
	Title = {Designing Complex Organizations},
	Year = {1973}}

@inproceedings{LSZ08,
	Address = {Victoria, Canada},
	Author = {Hagay Levin and Michael Schapira and Aviv Zohar},
	Booktitle = {Proceedings of the 40th annual ACM symposium on Theory of computing (STOC)},
	Date-Added = {2014-09-14 01:36:09 +0000},
	Date-Modified = {2014-09-14 01:37:39 +0000},
	Month = {May},
	Pages = {57-66},
	Title = {Interdomain routing and games},
	Year = {2008}}

@article{GR01,
	Author = {Lixin Gao and Jeniffer Rexford},
	Date-Added = {2014-09-14 01:33:40 +0000},
	Date-Modified = {2014-09-14 01:34:57 +0000},
	Journal = {IEEE/ACM Transactions on Networking},
	Month = {December},
	Number = {6},
	Pages = {681-692},
	Title = {Stable internet routing without global coordination},
	Volume = {9},
	Year = {2001}}

@unpublished{Mal86,
	Author = {T. W. Malone},
	Date-Added = {2014-09-14 01:30:15 +0000},
	Date-Modified = {2014-09-14 01:44:04 +0000},
	Note = {Sloan School of Management Working Paper 1849, MIT},
	Title = {Informational Efficiency in Networks and Hierarchies},
	Year = {1986}}

@article{DLC87,
	Author = {Edmund Durfee and Victor R. Lesser and Daniel D. Corkill},
	Date-Added = {2014-09-14 01:27:20 +0000},
	Date-Modified = {2014-09-14 01:29:31 +0000},
	Journal = {IEEE Transactions on Computers},
	Number = {2},
	Pages = {1275--1291},
	Title = {Coherent Cooperation Among Communicating Problem Solvers},
	Volume = {36},
	Year = {1987}}

@article{Fox81,
	Author = {Mark S. Fox},
	Date-Added = {2014-09-14 01:23:14 +0000},
	Date-Modified = {2014-09-14 01:26:50 +0000},
	Journal = {IEEE Transactions on Systems, Man and Cybernetics},
	Number = {1},
	Pages = {70--80},
	Title = {An organizational view of distributed systems},
	Volume = {11},
	Year = {1981}}

@inproceedings{MLR14,
	Address = {Palo Alto, Califronia},
	Author = {Reshef Meir and Omer Lev and Jeffrey S. Rosenschein},
	Booktitle = {Proceedings of the 15th ACM conference on Economics and Computation (EC)},
	Date-Added = {2014-09-01 20:08:41 +0000},
	Date-Modified = {2016-04-03 22:43:47 +0000},
	Month = {June},
	Pages = {313-330},
	Title = {A Local-Dominance Theory of Voting Equilibria},
	Url = {http://www.cs.toronto.edu/~omerl/papers/ec14.pdf},
	Year = {2014},
	Bdsk-Url-1 = {http://www.cs.toronto.edu/~omerl/papers/ec14.pdf}}

@book{LM10,
	Author = {Kevin Laton and Dan Marom},
	Date-Added = {2014-07-07 16:04:43 +0000},
	Date-Modified = {2014-07-07 16:05:33 +0000},
	Publisher = {CreateSpace Independent Publishing Platform},
	Title = {The Crowdfunding Revolution: Social Networking Meets Venture Financing},
	Year = {2010}}

@inproceedings{BFLR12,
	Address = {Valencia, Spain},
	Author = {Dorothea Baumeister and Piotr Faliszewski and J{\'e}r{\^o}me Lang and J{\"o}rg Rothe},
	Booktitle = {Proceedings of the 11th International Conference on Autonomous Agents and Multiagent Systems (AAMAS)},
	Date-Added = {2014-03-19 23:58:19 +0000},
	Date-Modified = {2014-03-20 00:00:39 +0000},
	Month = {June},
	Pages = {577-584},
	Title = {Campaigns for lazy voters: truncated ballots},
	Volume = {2},
	Year = {2012}}

@inproceedings{ECR08,
	Author = {Edith Elkind and Georgios Chalkiadakis and Nicholas R. Jennings},
	Booktitle = {Proceedings of the 18th European Conference on Artificial Intelligence (ECAI)},
	Date-Added = {2013-10-08 22:53:44 +0000},
	Date-Modified = {2013-10-08 22:55:03 +0000},
	Pages = {393-397},
	Title = {Coalition Structures in Weighted Voting Games},
	Year = {2008}}

@inproceedings{EGGW07,
	Address = {Vancouver, Canada},
	Author = {Edith Elkind and Leslie Ann Goldberg and Paul Goldberg and Michael Wooldridge},
	Booktitle = {Proceedings of the 22nd National Conference on Artificial Intelligence (AAAI)},
	Date-Added = {2013-10-08 22:48:57 +0000},
	Date-Modified = {2013-10-08 22:51:24 +0000},
	Editor = {Anthony Cohn},
	Month = {July},
	Pages = {718-723},
	Title = {Computational complexity of weighted threshold games},
	Volume = {1},
	Year = {2007}}

@article{BCW13,
	Author = {Robert Bredereck and Jiehua Chen and Gerhard J. Woeginger},
	Date-Added = {2013-10-04 12:51:26 +0000},
	Date-Modified = {2013-10-04 12:52:26 +0000},
	Journal = {Social Choice and Welfare},
	Month = {October},
	Number = {4},
	Pages = {989-998},
	Title = {A characterization of the single-crossing domain},
	Volume = {41},
	Year = {2013}}

@article{GS96,
	Author = {Joshua S. Gansa and Michael Smart},
	Date-Added = {2013-10-04 12:50:03 +0000},
	Date-Modified = {2013-10-04 12:50:43 +0000},
	Journal = {Journal of Public Economics},
	Month = {February},
	Number = {2},
	Pages = {219-237},
	Title = {Majority voting with single-crossing preferences},
	Volume = {59},
	Year = {1996}}

@article{Rob77,
	Author = {Kevin W.S. Roberts},
	Date-Added = {2013-10-04 12:47:02 +0000},
	Date-Modified = {2013-10-04 12:47:38 +0000},
	Journal = {Journal of Public Economics},
	Number = {3},
	Pages = {329-340},
	Title = {Voting over income tax schedules},
	Volume = {8},
	Year = {1977}}

@article{Mou80,
	Author = {Herv{\'e} Moulin},
	Date-Added = {2013-10-04 12:37:11 +0000},
	Date-Modified = {2013-10-04 12:38:12 +0000},
	Journal = {Public Choice},
	Number = {4},
	Pages = {437-455},
	Title = {On strategy-proofness and single peakedness},
	Volume = {35},
	Year = {1980}}

@inproceedings{GS09,
	Address = {Budapest, Hungary},
	Author = {Anil G\"{u}rsel and Sandip Sen},
	Booktitle = {Proceedings of The 8th International Conference on Autonomous Agents and Multiagent Systems (AAMAS)},
	Date-Added = {2013-09-30 02:16:11 +0000},
	Date-Modified = {2013-09-30 02:18:21 +0000},
	Month = {May},
	Pages = {805-812},
	Title = {Producing Timely Recommendations From Social Networks Through Targeted Search},
	Volume = {2},
	Year = {2009}}

@inproceedings{Cap05,
	Address = {Athens, Greece},
	Author = {Licia Capra},
	Booktitle = {Proceedings of 1st IEEE Workshop on the Value of Security Through Collaboration},
	Date-Added = {2013-09-30 01:44:43 +0000},
	Date-Modified = {2013-09-30 01:46:33 +0000},
	Month = {September},
	Title = {Reasoning about Trust Groups to Coordinate Mobile Ad-Hoc Systems},
	Year = {2005}}

@inproceedings{HS10,
	Address = {Toronto, Canada},
	Author = {Chung-wei Hang and Munindar P. Singh},
	Booktitle = {Proceedings of the 13th International Workshop on Trust in Agent Societies},
	Date-Added = {2013-09-30 01:27:09 +0000},
	Date-Modified = {2013-09-30 01:30:29 +0000},
	Month = {May},
	Pages = {71-81},
	Title = {Trust-Based Recommendation Based on Graph Similarity},
	Year = {2010}}

@inproceedings{PMLR04,
	Address = {Erfurt, Germany},
	Author = {Jordi Palau and Miquel Montaner and Beatriz L{\'o}pez and Josep Llu{\'\i}s de la Rosa},
	Booktitle = {Proceedings of 8th Cooperative Information Agents International Workshop (CIA)},
	Date-Added = {2013-09-30 01:03:15 +0000},
	Date-Modified = {2013-09-30 01:07:58 +0000},
	Month = {September},
	Pages = {137-151},
	Series = {Lecture Notes in Computer Science},
	Title = {Collaboration Analysis in Recommender Systems Using Social Networks},
	Volume = {3191},
	Year = {2004}}

@article{WBS08,
	Author = {Frank Edward Walter and Stefano Battiston and Frank Schweitzer},
	Date-Added = {2013-09-30 01:00:29 +0000},
	Date-Modified = {2013-09-30 01:02:53 +0000},
	Journal = {Journal of Autonomous Agents and Multi-Agent Systems (JAAMAS)},
	Month = {February},
	Number = {1},
	Pages = {57-74},
	Title = {A model of a trust-based recommendation system on a social network},
	Url = {http://dx.doi.org/10.1007/s10458-007-9021-x},
	Volume = {16},
	Year = {2008},
	Bdsk-Url-1 = {http://dx.doi.org/10.1007/s10458-007-9021-x}}

@inproceedings{BCTMT10,
	Address = {Palo Alto, California},
	Author = {Christian Borgs and Jennifer Chayes and Adam Tauman Kalai and Azarakhsh Malekian and Moshe Tennenholtz},
	Booktitle = {Proceedings of the 6th Workshop on Internet and Network Economics (WINE)},
	Date-Added = {2013-07-31 07:11:52 +0000},
	Date-Modified = {2015-06-27 22:51:25 +0000},
	Month = {June},
	Pages = {87-105},
	Title = {A novel approach to propagating distrust},
	Year = {2010}}

@inproceedings{RT09,
	Address = {Rome, Italy},
	Author = {Ola Rozenfeld and Moshe Tennenholtz},
	Booktitle = {Proceedings of the 5th Workshop on Internet and Network Economics (WINE)},
	Date-Added = {2013-07-31 07:08:04 +0000},
	Date-Modified = {2013-07-31 07:12:54 +0000},
	Month = {December},
	Pages = {113-124},
	Title = {Consistent Continuous Trust-Based Recommendation Systems},
	Year = {2009}}

@inproceedings{AT05b,
	Address = {Vancouver, Canada},
	Author = {Alon Altman and Moshe Tennenholtz},
	Booktitle = {Proceedings of the 6th ACM conference on Electronic Commerce (EC)},
	Date-Added = {2013-07-31 07:02:16 +0000},
	Date-Modified = {2016-01-22 01:26:19 +0000},
	Month = {June},
	Pages = {1-8},
	Title = {Ranking systems: The PageRank axioms},
	Year = {2005}}

@inproceedings{AT05,
	Address = {Edinburgh, Great Britain},
	Author = {Alon Altman and Moshe Tennenholtz},
	Booktitle = {Proceedings of the 19th International Joint Conference on Artificial Intelligence (IJCAI)},
	Date-Added = {2013-07-31 06:58:27 +0000},
	Date-Modified = {2015-06-28 15:39:43 +0000},
	Month = {August},
	Pages = {917-922},
	Title = {On the axiomatic foundations of ranking systems},
	Year = {2005}}

@inproceedings{GXLBHMS10,
	Author = {Mike Gartrell and Xinyu Xing and Qin Lv and Aaron Beach and Richard Han and Shivakant Mishra and Karim Seada},
	Booktitle = {Proceedings of the 16th ACM international conference on Supporting group work (GROUP)},
	Date-Added = {2013-07-31 06:16:33 +0000},
	Date-Modified = {2013-07-31 06:18:51 +0000},
	Pages = {97-106},
	Title = {Enhancing group recommendation by incorporating social relationship interactions},
	Year = {2010}}

@article{KKOR10,
	Author = {Jae Kyeong Kim and Hyea Kyeong Kim and Hee Young Oh and Young U. Ryu},
	Date-Added = {2013-07-31 06:13:31 +0000},
	Date-Modified = {2013-07-31 08:43:00 +0000},
	Journal = {International Journal of Information Management},
	Number = {3},
	Pages = {212-219},
	Title = {A group recommendation system for online communities},
	Volume = {30},
	Year = {2010}}

@inproceedings{ABCDY09,
	Author = {Sihem Amer-Yahia and Senjuti Basu Roy and Ashish Chawlat and Gautam Das and Cong Yu},
	Booktitle = {Proceedings of the VLDB Endowment},
	Date-Added = {2013-07-31 06:08:39 +0000},
	Date-Modified = {2013-07-31 06:37:55 +0000},
	Pages = {754-765},
	Title = {Group recommendation: semantics and efficiency},
	Volume = {2},
	Year = {2009}}

@inproceedings{SKR99,
	Address = {Denver, Colorado},
	Author = {J. Ben Schafer and Joseph Konstan and John Riedi},
	Booktitle = {Proceedings of the 1st ACM conference on Electronic Commerce (EC)},
	Date-Added = {2013-07-31 05:53:01 +0000},
	Date-Modified = {2016-01-22 01:26:24 +0000},
	Month = {November},
	Pages = {158-166},
	Title = {Recommender Systems in E-Commerce},
	Year = {1999}}

@inproceedings{AMT05,
	Address = {Santa Fe, New Mexico},
	Author = {Paolo Avesani and Paolo Massa and Roberto Tiella},
	Booktitle = {Proceedings of the 20th ACM symposium on Applied computing (SAC)},
	Date-Added = {2013-07-31 05:51:05 +0000},
	Date-Modified = {2015-07-05 14:16:53 +0000},
	Month = {March},
	Pages = {1589-1593},
	Title = {A Trust-enhanced Recommender System Application: Moleskiing},
	Year = {2005}}

@article{RKZF00,
	Author = {Paul Resnick and Ko Kuwabara and Richard Zeckhauser and Eric Friedman},
	Date-Added = {2013-07-31 05:28:26 +0000},
	Date-Modified = {2013-07-31 05:29:42 +0000},
	Journal = {Communications of the ACM},
	Month = {December},
	Number = {12},
	Pages = {45-48},
	Title = {Reputation systems},
	Volume = {43},
	Year = {2000}}

@incollection{RZ02,
	Author = {Paul Resnick and Richard Zeckhauser},
	Booktitle = {The Economics of the Internet and E-commerce (Advances in Applied Microeconomics)},
	Date-Added = {2013-07-31 04:54:04 +0000},
	Date-Modified = {2016-01-22 01:03:02 +0000},
	Editor = {Michael R. Baye},
	Pages = {127-157},
	Publisher = {Emerald Group Publishing Limited},
	Title = {Trust Among Strangers in Internet Transactions: Empirical Analysis of e{B}ay's Reputation System},
	Volume = {11},
	Year = {2002}}

@techreport{PBMW99,
	Author = {Lawrence Page and Sergey Brin and Rajeev Motwani and Terry Winograd},
	Date-Added = {2013-07-31 04:49:24 +0000},
	Date-Modified = {2013-07-31 05:04:25 +0000},
	Institution = {Stanford InfoLab},
	Month = {November},
	Title = {The PageRank Citation Ranking: Bringing Order to the Web},
	Year = {1999}}

@inproceedings{ABCFFKMT08,
	Address = {Beijing, China},
	Author = {Reid Andersen and Christian Borgs and Jennifer Chayes and Uriel Feige and Abraham Flaxman and Adam Kalai and Vahab Mirrokni and Moshe Tennenholtz},
	Booktitle = {Proceedings of the 17th international conference on World Wide Web (WWW)},
	Date-Added = {2013-07-25 04:45:30 +0000},
	Date-Modified = {2013-07-25 04:49:28 +0000},
	Month = {April},
	Pages = {199-208},
	Title = {Trust-based recommendation systems: an axiomatic approach},
	Year = {2008}}

@phdthesis{Lin12,
	Address = {Rochester, NY},
	Author = {Andrew Lin},
	Date-Added = {2013-07-03 00:30:25 +0000},
	Date-Modified = {2013-07-03 00:31:52 +0000},
	School = {Rochester Institute of Technology},
	Title = {Solving hard problems in election systems},
	Year = {2012}}

@inproceedings{PR07b,
	Address = {Honolulu, Hawaii},
	Author = {Ariel D. Procaccia and Jeffrey S. Rosenschein},
	Booktitle = {The 6th International Joint Conference on Autonomous Agents and Multiagent Systems (AAMAS)},
	Date-Added = {2013-06-16 19:25:52 +0000},
	Date-Modified = {2015-06-27 22:58:52 +0000},
	Month = {May},
	Pages = {718-720},
	Title = {Average-Case Tractability of Manipulation in Elections via the Fraction of Manipulators},
	Year = {2007}}

@techreport{MPR13,
	Author = {Elchanan Mossel and Ariel D. Procaccia and Mikl{\`o}s Z. Ra{\'c}z},
	Date-Added = {2013-06-16 19:23:05 +0000},
	Date-Modified = {2013-06-16 19:24:47 +0000},
	Title = {A Smooth Transition from Powerlessness to Absolute Power},
	Url = {http://www.cs.cmu.edu/~arielpro/papers/phase.pdf},
	Year = {2013},
	Bdsk-Url-1 = {http://www.cs.cmu.edu/~arielpro/papers/phase.pdf}}

@inproceedings{MTBK12,
	Address = {Toronto, Canada},
	Author = {Reshef Meir and Moshe Tennenholtz and Yoram Bachrach and Peter Key},
	Booktitle = {Proceedings of the 26th National Conference on Artificial Intelligence (AAAI)},
	Date-Added = {2013-01-31 08:21:02 +0000},
	Date-Modified = {2013-01-31 08:43:13 +0000},
	Month = {July},
	Pages = {1401-1407},
	Title = {Congestion Games with Agent Failures},
	Year = {2012}}

@inproceedings{LY03,
	Author = {Dennis Lu and Jing Yang},
	Booktitle = {37th Annual Meeting of the Canadian Economics Association},
	Date-Added = {2013-01-30 20:41:19 +0000},
	Date-Modified = {2015-07-05 14:26:34 +0000},
	Title = {Auction Participation and Market Uncertainty: Evidence from Canadian Treasury Auctions},
	Url = {http://www.fsa.ulaval.ca/nfa2003/papiers/Dennis%20Lu.pdf},
	Year = {2003},
	Bdsk-Url-1 = {http://www.fsa.ulaval.ca/nfa2003/papiers/Dennis%20Lu.pdf}}

@article{MM00,
	Author = {Flavio M. Menezes and Paulo K. Monteiro},
	Date-Added = {2013-01-30 20:39:01 +0000},
	Date-Modified = {2013-01-30 20:41:18 +0000},
	Journal = {Review of Economic Design},
	Month = {March},
	Number = {1},
	Pages = {71-89},
	Title = {Auctions with endogenous participation},
	Volume = {5},
	Year = {2000}}

@article{DKL89,
	Author = {Douglas Dyer and John H. Kagel and Dan Levin},
	Date-Added = {2013-01-30 20:37:49 +0000},
	Date-Modified = {2013-01-30 20:38:58 +0000},
	Journal = {The RAND Journal of Economics},
	Number = {2},
	Pages = {268-279},
	Title = {Resolving Uncertainty about the Number of Bidders in Independent Private - Value Auctions: An Experimental Analysis},
	Url = {http://www.cs.princeton.edu/courses/archive/spr10/cos444/papers/dyer_et_al89b.pdf},
	Volume = {20},
	Year = {1989},
	Bdsk-Url-1 = {http://www.cs.princeton.edu/courses/archive/spr10/cos444/papers/dyer_et_al89b.pdf}}

@article{Mat87,
	Author = {Steven Matthews},
	Date-Added = {2013-01-29 03:04:06 +0000},
	Date-Modified = {2013-01-29 03:07:48 +0000},
	Journal = {Econometrica},
	Month = {May},
	Number = {3},
	Pages = {633-646},
	Title = {Comparing Auctions for Risk Averse Buyers: A Buyer's Point of View},
	Volume = {55},
	Year = {1987}}

@article{MM87,
	Author = {Randolph Preston McAfee and John McMillan},
	Date-Added = {2013-01-29 02:46:32 +0000},
	Date-Modified = {2013-01-29 02:48:21 +0000},
	Journal = {Journal of Economic Theory},
	Month = {October},
	Number = {1},
	Pages = {1-19},
	Title = {Auctions with a Stochastic Number of Bidders},
	Url = {http://faculty-gsb.stanford.edu/mcmillan/personal_page/documents/stochasticbidders.pdf},
	Volume = {43},
	Year = {1987},
	Bdsk-Url-1 = {http://faculty-gsb.stanford.edu/mcmillan/personal_page/documents/stochasticbidders.pdf}}

@inproceedings{TLL11,
	Author = {David Robert Martin Thompson and Samantha Leung and Kevin Leyton-Brown},
	Booktitle = {Proceedings of the 7th International Conference on Internet and Network Economics (WINE)},
	Date-Added = {2013-01-27 01:34:22 +0000},
	Date-Modified = {2015-05-18 22:43:06 +0000},
	Title = {Computing Nash Equilibria of Action-Graph Games via Support Enumeration},
	Year = {2011}}

@article{PNS09,
	Author = {Ryan W. Porter and Eugene Nudelman and Yoav Shoham},
	Date-Added = {2013-01-27 01:34:03 +0000},
	Date-Modified = {2015-07-05 14:01:30 +0000},
	Journal = {Games and Economic Behavior},
	Pages = {642-662},
	Title = {Simple Search Methods for Finding a {Nash} Equilibrium},
	Volume = {63},
	Year = {2009}}

@inproceedings{DSVV09,
	Author = {Constantinos Daskalakis and Grant Schoenebeck and Gregory Valiant and Paul Valiant},
	Booktitle = {Proceedings of the 20th annual ACM-SIAM Symposium on Discrete Algorithms (SODA)},
	Date-Added = {2013-01-27 01:33:27 +0000},
	Date-Modified = {2015-06-20 23:19:50 +0000},
	Title = {On the complexity of {Nash} equilibria of action-graph games},
	Year = {2009}}

@article{JLB11,
	Author = {Albert Xin Jiang and Kevin Leyton-Brown and Navin A.R. Bhat},
	Date-Added = {2013-01-27 01:33:14 +0000},
	Date-Modified = {2015-05-18 22:43:35 +0000},
	Issue = 1,
	Journal = {Games and Economic Behavior},
	Pages = {141--173},
	Title = {Action-Graph Games},
	Volume = 71,
	Year = {2011}}

@inproceedings{KLS01,
	Author = {Michael J. Kearns and Michael L. Littman and Satinder P. Singh},
	Booktitle = {Proceedings of the 17th Conference in Uncertainty in Artificial Intelligence (UAI)},
	Date-Added = {2013-01-27 01:32:41 +0000},
	Date-Modified = {2015-05-19 17:33:14 +0000},
	Title = {Graphical Models for Game Theory},
	Year = {2001}}

@inproceedings{RS12,
	Address = {Bordeuax, France},
	Author = {J{\"o}rg Rothe and Lena Schend},
	Booktitle = {Proceedings of the 11th international conference on Experimental Algorithms (SEA)},
	Date-Added = {2013-01-27 00:30:07 +0000},
	Date-Modified = {2013-01-27 00:32:20 +0000},
	Month = {July},
	Pages = {356-368},
	Title = {Control complexity in bucklin, fallback, and plurality voting: an experimental approach},
	Year = {2012}}

@article{Ber85,
	Author = {Sven Berg},
	Date-Added = {2013-01-27 00:29:03 +0000},
	Date-Modified = {2013-01-27 00:29:45 +0000},
	Journal = {Public Choice},
	Number = {2},
	Pages = {377-387},
	Title = {Paradox of Voting under an Urn Model: The Effect of Homogeneity},
	Volume = {47},
	Year = {1985}}

@inproceedings{DKNW11,
	Address = {San Francisco, California},
	Author = {Jessica Davies and George Katsirelos and Nina Narodytska and Toby Walsh},
	Booktitle = {Proceedings of the 25th National Conference on Artificial Intelligence (AAAI)},
	Date-Added = {2013-01-27 00:22:41 +0000},
	Date-Modified = {2014-10-29 22:53:21 +0000},
	Month = {August},
	Pages = {657-662},
	Title = {Complexity of and Algorithms for Borda Manipulation},
	Year = {2011}}

@inproceedings{Wal10,
	Address = {Lisbon, Portugal},
	Author = {Toby Walsh},
	Booktitle = {Proceedings of the 19th European Conference on Artificial Intelligence (ECAI)},
	Date-Added = {2013-01-27 00:18:30 +0000},
	Date-Modified = {2013-01-27 00:21:35 +0000},
	Month = {August},
	Pages = {257-262},
	Title = {An Empirical Study of the Manipulability of Single Transferable Voting},
	Year = {2010}}

@incollection{TP12,
	Author = {Nicolaus Tideman and Florenz Plassmann},
	Booktitle = {Electoral Systems: Pardoxes, Assumptions and Procedures},
	Date-Added = {2013-01-27 00:09:38 +0000},
	Date-Modified = {2013-01-27 00:14:54 +0000},
	Editor = {Dan S. Felsenthal and Mosh{\'e} Machover},
	Pages = {217-251},
	Publisher = {Springer},
	Series = {Studies in Choice and Welfare},
	Title = {Modeling the outcomes of vote-casting in actual elections},
	Year = {2012}}

@unpublished{DL10,
	Author = {Bhaskar Dutta and Jean-Fran{\c c}ois Laslier},
	Date-Added = {2013-01-26 19:52:50 +0000},
	Date-Modified = {2013-01-26 19:52:50 +0000},
	Note = {in 10th International Meeting of the Society for Social Choice and Welfare, Moscow},
	Title = {Costless Honesty in Voting},
	Year = {2010}}

@article{DS12,
	Author = {Bhaskar Dutta and Arunava Sen},
	Date-Added = {2013-01-26 19:52:32 +0000},
	Date-Modified = {2013-01-26 19:52:32 +0000},
	Journal = {Games and Economic Behavior},
	Month = {January},
	Number = {1},
	Pages = {154-169},
	Title = {Nash implementation with partially honest individuals},
	Volume = {74},
	Year = {2012}}

@article{LW13,
	Author = {Jean-Fran{\c c}ois Laslier and J{\"o}rgen W. Weibull},
	Date-Added = {2013-01-26 19:52:13 +0000},
	Date-Modified = {2016-01-18 04:51:49 +0000},
	Journal = {The Scandinavian Journal of Economics},
	Month = {January},
	Number = {1},
	Pages = {84-108},
	Title = {An Incentive-Compatible {C}ondorcet Jury Theorem},
	Volume = {115},
	Year = {2013}}

@inproceedings{TLLR13,
	Address = {St. Paul, Minnesota},
	Author = {David Robert Martin Thompson and Omer Lev and Kevin Leyton-Brown and Jeffrey S. Rosenschein},
	Booktitle = {Proceedings of the 12th International Coference on Autonomous Agents and Multiagent Systems (AAMAS)},
	Date-Added = {2013-01-25 12:25:18 +0000},
	Date-Modified = {2016-04-03 22:41:38 +0000},
	Month = {May},
	Pages = {391-398},
	Title = {Empirical Aspects of Plurality Election Equilibria},
	Url = {http://www.cs.toronto.edu/~omerl/papers/aamas13a.pdf},
	Year = {2013},
	Bdsk-Url-1 = {http://www.cs.toronto.edu/~omerl/papers/aamas13a.pdf}}

@inproceedings{Wal09,
	Address = {Pasadena, California},
	Author = {Toby Walsh},
	Booktitle = {Proceedings of the 21st International Joint Conference on Artificial Intelligence (IJCAI)},
	Date-Added = {2013-01-25 12:12:45 +0000},
	Date-Modified = {2015-04-23 23:13:27 +0000},
	Month = {July},
	Pages = {324-329},
	Title = {Where are the really hard manipulation problems? The phase transition in manipulating the veto rule},
	Url = {http://www.cse.unsw.edu.au/~tw/wijcai09.pdf},
	Year = {2009},
	Bdsk-Url-1 = {http://www.cse.unsw.edu.au/~tw/wijcai09.pdf}}

@inproceedings{BIK07,
	Address = {New Orleans, Louisiana},
	Author = {Moshe Babaioff and Nicole Immorlica and Robert Kleinberg},
	Booktitle = {Proceedings of the 18th annual ACM-SIAM Symposium on Discrete Algorithms (SODA)},
	Date-Added = {2013-01-08 00:13:14 +0000},
	Date-Modified = {2013-01-29 01:43:22 +0000},
	Month = {January},
	Pages = {434-443},
	Title = {Matroids, secretary problems, and online mechanisms},
	Year = {2007}}

@inproceedings{Kar72,
	Address = {Yorktown Heights, New York},
	Author = {Richard M. Karp},
	Booktitle = {Proceedings of a Symposium on the Complexity of Computer Computations},
	Date-Added = {2013-01-08 00:11:22 +0000},
	Date-Modified = {2015-07-01 13:48:54 +0000},
	Editor = {Raymond E. Miller and James W. Thatcher},
	Month = {March},
	Pages = {85-103},
	Title = {Reducibility among combinatorial problems},
	Year = {1972}}

@inproceedings{BMJK10,
	Address = {Atlanta, Georgia},
	Author = {Yoram Bachrach and Reshef Meir and Kyomin Jung and Pushmeet Kohli},
	Booktitle = {Proceedings of the 24th National Conference on Artificial Intelligence (AAAI)},
	Date-Added = {2013-01-07 07:06:45 +0000},
	Date-Modified = {2013-01-07 07:08:45 +0000},
	Publisher = {2010},
	Title = {Coalitional Structure Generation in Skill Games},
	Year = {2010}}

@inproceedings{BR08,
	Address = {Estoril, Portugal},
	Author = {Yoram Bachrach and Jeffrey S. Rosenschein},
	Booktitle = {Proceedings of the 7th international joint conference on Autonomous Agents and Multiagent Systems (AAMAS)},
	Date-Added = {2013-01-07 07:01:36 +0000},
	Date-Modified = {2016-01-22 01:28:21 +0000},
	Month = {May},
	Pages = {1023-1030},
	Title = {Coalitional Skill Games},
	Year = {2008}}

@inproceedings{BP10,
	Address = {Toronto, Canada},
	Author = {Yoram Bachrach and Ely Porat},
	Booktitle = {Proceedings of the 9th International Conference on Autonomous Agents and Multiagent Systems (AAMAS)},
	Date-Added = {2013-01-07 06:37:58 +0000},
	Date-Modified = {2013-01-07 06:40:21 +0000},
	Month = {May},
	Pages = {1123-1130},
	Title = {Path disruption games},
	Year = {2010}}

@inproceedings{Bac11,
	Address = {Warsaw, Poland},
	Author = {Yoram Bachrach},
	Booktitle = {Proceedings of the 36th international conference on Mathematical foundations of computer science (MFCS)},
	Date-Added = {2013-01-07 06:31:58 +0000},
	Date-Modified = {2013-01-07 06:36:56 +0000},
	Month = {August},
	Pages = {36-47},
	Title = {The least-core of threshold network flow games},
	Year = {2011}}

@article{EGGW09a,
	Author = {Edith Elkind and Leslie Ann Goldberg and Paul W. Goldberg and Michael Wooldridge},
	Date-Added = {2013-01-07 05:52:05 +0000},
	Date-Modified = {2015-06-22 01:19:21 +0000},
	Journal = {Mathematical Logic Quarterly},
	Month = {August},
	Number = {4},
	Pages = {362-376},
	Title = {A tractable and expressive class of marginal contribution nets and its applications},
	Url = {http://cgi.csc.liv.ac.uk/~leslie/papers/mcn.pdf},
	Volume = {55},
	Year = {2009},
	Bdsk-Url-1 = {http://cgi.csc.liv.ac.uk/~leslie/papers/mcn.pdf}}

@article{DP94,
	Author = {Xiaotie Deng and Christos Harilaos Papadimitriou},
	Date-Added = {2013-01-07 03:22:12 +0000},
	Date-Modified = {2013-01-07 03:31:36 +0000},
	Journal = {Mathematics of Operations Research},
	Month = {May},
	Number = {2},
	Pages = {257-266},
	Title = {On the Complexity of Cooperative Solution Concepts},
	Volume = {19},
	Year = {1994}}

@article{KZ82b,
	Author = {Ehud Kalai and Eitan Zemel},
	Date-Added = {2013-01-07 03:10:37 +0000},
	Date-Modified = {2013-01-07 03:12:43 +0000},
	Journal = {Mathematics of Operations Research},
	Month = {August},
	Number = {3},
	Pages = {476-478},
	Title = {On Totally Balanced Games and Games of Flow},
	Url = {http://www.stern.nyu.edu/om/faculty/zemel/SCANNED%20PAPERS-SPR%202004/TotallyBalancedGamesAndGamesOfFlow.pdf},
	Volume = {7},
	Year = {1982},
	Bdsk-Url-1 = {http://www.stern.nyu.edu/om/faculty/zemel/SCANNED%20PAPERS-SPR%202004/TotallyBalancedGamesAndGamesOfFlow.pdf}}

@article{KZ82a,
	Author = {Ehud Kalai and Eitan Zemel},
	Date-Added = {2013-01-07 03:04:30 +0000},
	Date-Modified = {2013-01-07 03:11:06 +0000},
	Journal = {Operations Research},
	Month = {September},
	Number = {5},
	Pages = {998-1008},
	Title = {Generalized Network Problems Yielding Totally Balanced Games},
	Volume = {30},
	Year = {1982}}

@inproceedings{LPBR13,
	Address = {St. Paul, Minnesota},
	Author = {Omer Lev and Maria Polukarov and Yoram Bachrach and Jeffrey S. Rosenschein},
	Booktitle = {Proceedings of the 12th International Coference on Autonomous Agents and Multiagent Systems (AAMAS)},
	Date-Added = {2012-11-12 23:22:06 +0000},
	Date-Modified = {2016-04-03 22:42:05 +0000},
	Month = {May},
	Pages = {675-682},
	Title = {Mergers and Collusion in All-Pay Auctions and Crowdsourcing Contests},
	Url = {http://www.cs.toronto.edu/~omerl/papers/aamas13b.pdf},
	Year = {2013},
	Bdsk-Url-1 = {http://www.cs.toronto.edu/~omerl/papers/aamas13b.pdf}}

@inproceedings{TLLR12,
	Address = {Krak{\`o}w, Poland},
	Author = {David Robert Martin Thompson and Omer Lev and Kevin Leyton-Brown and Jeffrey S. Rosenschein},
	Booktitle = {Proceedings of COMSOC},
	Date-Added = {2012-11-12 22:55:33 +0000},
	Date-Modified = {2016-04-03 22:41:15 +0000},
	Month = {September},
	Pages = {431-442},
	Title = {Empirical Aspects of Plurality Election Equilibria},
	Url = {http://home.agh.edu.pl/~faliszew/COMSOC-2012/proceedings/paper_27.pdf},
	Year = {2012},
	Bdsk-Url-1 = {http://home.agh.edu.pl/~faliszew/COMSOC-2012/proceedings/paper_27.pdf}}

@inproceedings{CS06,
	Address = {Boston, Massachusetts},
	Author = {Vincent Conitzer and Tuomas Sandholm},
	Booktitle = {Proceedings of the 21st National Conference on Artificial Intelligence (AAAI)},
	Date-Added = {2012-11-09 12:47:10 +0000},
	Date-Modified = {2016-01-22 01:30:04 +0000},
	Month = {July},
	Pages = {627-634},
	Title = {Nonexistence of Voting Rules That Are Usually Hard to Manipulate},
	Year = {2006}}

@article{PR07,
	Author = {Ariel D. Procaccia and Jeffrey S. Rosenschein},
	Date-Added = {2012-11-09 12:43:25 +0000},
	Date-Modified = {2012-11-09 12:44:28 +0000},
	Journal = {Journal of Artificial Intelligence Research},
	Pages = {157-181},
	Title = {Junta Distributions and the Average-Case Complexity of Manipulating Elections},
	Volume = {28},
	Year = {2007}}

@inproceedings{RBMR09,
	Address = {Novy Smokovec, High Tatras, Slovakia},
	Author = {Ezra Resnick and Yoram Bachrach and Reshef Meir and Jeffrey S. Rosenschein},
	Booktitle = {Proceedings of the 34th International Symposium on Mathematical Foundations of Computer Science (MFCS)},
	Date-Added = {2012-11-08 23:43:50 +0000},
	Date-Modified = {2016-01-22 00:58:34 +0000},
	Month = {August},
	Pages = {636-650},
	Title = {The Cost of Stability in Network Flow Games},
	Year = {2009}}

@inproceedings{BEMPZRR09,
	Address = {Paphos, Cyprus},
	Author = {Yoram Bachrach and Edith Elkind and Reshef Meir and Dmitrii Pasechnik and Michael Zuckerman and J{\"o}rg Rothe and Jeffrey S. Rosenschein},
	Booktitle = {Proceedings of the 2nd International Symposium on Algorithmic Game Theory (SAGT)},
	Date-Added = {2012-11-08 23:39:58 +0000},
	Date-Modified = {2012-11-08 23:43:01 +0000},
	Month = {October},
	Pages = {122-134},
	Title = {The Cost of Stability in Coalitional Games},
	Year = {2009}}

@article{BR09,
	Author = {Yoram Bachrach and Jeffrey S. Rosenschein},
	Date-Added = {2012-11-08 23:36:49 +0000},
	Date-Modified = {2012-11-08 23:38:10 +0000},
	Journal = {Autonomous Agents and Multi-Agent Systems},
	Number = {1},
	Pages = {106-132},
	Title = {Power in threshold network flow games},
	Url = {http://dx.doi.org/10.1007/s10458-008-9057-6},
	Volume = {18},
	Year = {2009},
	Bdsk-Url-1 = {http://dx.doi.org/10.1007/s10458-008-9057-6}}

@inproceedings{BRP08,
	Address = {Estoril, Portugal},
	Author = {Yoram Bachrach and Jeffrey S. Rosenschein and Ely Porat},
	Booktitle = {Proceedings of the 7th international joint conference on Autonomous Agents and Multiagent Systems (AAMAS)},
	Date-Added = {2012-11-08 23:34:15 +0000},
	Date-Modified = {2016-01-22 01:28:48 +0000},
	Month = {May},
	Pages = {999-1006},
	Title = {Power and Stability in Connectivity Games},
	Year = {2008}}

@inproceedings{BMPRS08,
	Address = {Estoril, Portugal},
	Author = {Yoram Bachrach and Evangelos Markakis and Ariel D. Procaccia and Jeffrey S. Rosenschein and Amin Saberi},
	Booktitle = {Proceedings of the 7th international joint conference on Autonomous Agents and Multiagent Systems (AAMAS)},
	Date-Added = {2012-11-08 23:29:54 +0000},
	Date-Modified = {2016-01-22 01:27:41 +0000},
	Month = {May},
	Pages = {943-950},
	Title = {Approximating power indices},
	Volume = {2},
	Year = {2008}}

@book{PS03,
	Author = {Bezalel Peleg and Peter Sudh{\"o}lter},
	Date-Added = {2012-11-08 23:22:56 +0000},
	Date-Modified = {2012-11-08 23:25:53 +0000},
	Month = {May},
	Publisher = {Springer},
	Series = {Theory and Decision Library},
	Title = {Introduction to the Theory of Cooperative Games},
	Year = {2003}}

@book{CEW11,
	Author = {Georgios Chalkiadakis and Edith Elkind and Michael Wooldridge},
	Date-Added = {2012-11-08 23:08:41 +0000},
	Date-Modified = {2012-11-08 23:12:34 +0000},
	Month = {October},
	Publisher = {Morgan and Claypool},
	Series = {Synthesis Lectures on Artificial Intelligence and Machine Learning},
	Title = {Computational Aspects of Cooperative Game Theory},
	Year = {2011},
	Bdsk-File-1 = {YnBsaXN0MDDSAQIDBFxyZWxhdGl2ZVBhdGhZYWxpYXNEYXRhXxBSLi4vLi4vLi4vLi4vLi4vQWNhZGVtaWEvQm9va3MvQ29tcHV0YXRpb25hbCBBc3BlY3RzIG9mIENvb3BlcmF0aXZlIEdhbWUgVGhlb3J5LnBkZk8RAcgAAAAAAcgAAgAADE1hY2ludG9zaCBIRAAAAAAAAAAAAAAAAAAAAAAAAABCRAAB/////x9Db21wdXRhdGlvbmFsIEFzcGUjRkZGRkZGRkYucGRmAAAAAAAAAAAAAAAAAAAAAAAAAAAAAAAAAAAAAAAAAAD/////AAAAAAAAAAAAAAAAAAUAAwAACiBjdQAAAAAAAAAAAAAAAAAFQm9va3MAAAIARS86QWNhZGVtaWE6Qm9va3M6Q29tcHV0YXRpb25hbCBBc3BlY3RzIG9mIENvb3BlcmF0aXZlIEdhbWUgVGhlb3J5LnBkZgAADgBqADQAQwBvAG0AcAB1AHQAYQB0AGkAbwBuAGEAbAAgAEEAcwBwAGUAYwB0AHMAIABvAGYAIABDAG8AbwBwAGUAcgBhAHQAaQB2AGUAIABHAGEAbQBlACAAVABoAGUAbwByAHkALgBwAGQAZgAPABoADABNAGEAYwBpAG4AdABvAHMAaAAgAEgARAASAENBY2FkZW1pYS9Cb29rcy9Db21wdXRhdGlvbmFsIEFzcGVjdHMgb2YgQ29vcGVyYXRpdmUgR2FtZSBUaGVvcnkucGRmAAATAAEvAP//AAAACAANABoAJAB5AAAAAAAAAgEAAAAAAAAABQAAAAAAAAAAAAAAAAAAAkU=}}

@article{CSJ07,
	Author = {Vincent Conitzer and Tuomas Sandholm and J{\'e}r{\^o}me Lang},
	Date-Added = {2012-11-07 03:48:40 +0000},
	Date-Modified = {2012-11-07 03:50:37 +0000},
	Journal = {Journal of the ACM},
	Month = {June},
	Number = {3},
	Pages = {1-33},
	Title = {When are elections with few candidates hard to manipulate?},
	Volume = {54},
	Year = {2007}}

@article{EOS07,
	Author = {Benjamin Edelman and Michael Ostrovsky and Michael Schwarz},
	Date-Added = {2012-10-28 17:48:52 +0000},
	Date-Modified = {2012-10-28 21:21:13 +0000},
	Journal = {The American Economic Review},
	Month = {March},
	Number = {1},
	Pages = {242-259},
	Title = {Internet Advertising and the Generalized Second-Price Auction: Selling Billions of Dollars Worth of Keywords},
	Url = {http://itu.dk/people/rkva/2011-Spring-EB22/readings/Edelman-etal-GSP-InternetAdvertising.pdf},
	Volume = {97},
	Year = {2007},
	Bdsk-Url-1 = {http://itu.dk/people/rkva/2011-Spring-EB22/readings/Edelman-etal-GSP-InternetAdvertising.pdf}}

@article{Mye81,
	Author = {Roger B. Myerson},
	Date-Added = {2012-10-28 17:24:46 +0000},
	Date-Modified = {2012-10-28 17:24:46 +0000},
	Journal = {Mathematics of Operations Research},
	Number = {1},
	Pages = {58--73},
	Title = {Optimal Auction Design},
	Volume = {6},
	Year = {1981}}

@inproceedings{HN12,
	Address = {Valencia, Spain},
	Author = {Sergiu Hart and Noam Nisan},
	Booktitle = {Proceedings of the 13th ACM Conference on Electronic Commerce (EC)},
	Date-Added = {2012-09-08 20:53:55 +0000},
	Date-Modified = {2012-09-08 20:57:38 +0000},
	Month = {June},
	Pages = {656},
	Title = {Approximate revenue maximization with multiple items},
	Url = {http://arxiv.org/pdf/1204.1846v1.pdf},
	Year = {2012},
	Bdsk-Url-1 = {http://arxiv.org/pdf/1204.1846v1.pdf}}

@incollection{Tul80,
	Author = {Gordon Tullock},
	Booktitle = {Toward a theory of the rent-seeking society},
	Date-Added = {2012-09-07 15:04:55 +0000},
	Date-Modified = {2012-09-07 15:07:58 +0000},
	Editor = {James M. Buchanan and Robert D. Tollison and Gordon Tullock},
	Pages = {97-112},
	Publisher = {Texas A\&M University Press.},
	Title = {Efficient rent-seeking},
	Year = {1980}}

@inproceedings{FMT11,
	Address = {Singapore},
	Author = {Michal Feldman and Reshef Meir and Moshe Tennenholtz},
	Booktitle = {Proceedings of the 7th Workshop on Internet and Network Economics (WINE)},
	Date-Added = {2012-09-07 12:17:46 +0000},
	Date-Modified = {2012-09-07 12:19:08 +0000},
	Month = {December},
	Pages = {391-398},
	Title = {Revenue Enhancement in Ad Auctions},
	Url = {http://www.cs.huji.ac.il/~reshef24/auctions.wine11.pdf},
	Year = {2011},
	Bdsk-Url-1 = {http://www.cs.huji.ac.il/~reshef24/auctions.wine11.pdf}}

@article{Lev11,
	Author = {Omer Lev},
	Date-Added = {2012-09-07 12:14:35 +0000},
	Date-Modified = {2012-09-07 12:16:57 +0000},
	Journal = {Journal of Mathematical Economics},
	Month = {December},
	Number = {6},
	Pages = {718-727},
	Title = {A two-dimensional problem of revenue maximization},
	Url = {http://www.sciencedirect.com/science/article/pii/S0304406811000796},
	Volume = {47},
	Year = {2011},
	Bdsk-Url-1 = {http://www.sciencedirect.com/science/article/pii/S0304406811000796}}

@inproceedings{BPR09,
	Address = {Pasadena, California},
	Author = {Yoram Bachrach and Ely Porat and Jeffrey S. Rosenschein},
	Booktitle = {Proceedings of the 21st International Joint Conference on Artificial Intelligence (IJCAI)},
	Date-Added = {2012-09-07 10:00:14 +0000},
	Date-Modified = {2015-04-23 23:13:42 +0000},
	Month = {July},
	Pages = {2016-2021},
	Title = {Sketching Techniques for Collaborative Filtering},
	Url = {ftp://ftp.cs.huji.ac.il/users/jeff/ijcai09bachrach.pdf},
	Year = {2009},
	Bdsk-Url-1 = {ftp://ftp.cs.huji.ac.il/users/jeff/ijcai09bachrach.pdf}}

@inproceedings{MRM11,
	Address = {Barcelona, Spain},
	Author = {Reshef Meir and Jeffrey S. Rosenschein and Enrico Malizia},
	Booktitle = {Proceedings of the 22nd International Joint Conference on Artificial Intelligence (IJCAI)},
	Date-Added = {2012-09-07 09:55:57 +0000},
	Date-Modified = {2015-04-23 23:13:19 +0000},
	Month = {July},
	Pages = {301-306},
	Title = {Subsidies, Stability, and Restricted Cooperation in Coalitional Games},
	Url = {ftp://ftp.cs.huji.ac.il/users/jeff/ijcai11meir.pdf},
	Year = {2011},
	Bdsk-Url-1 = {ftp://ftp.cs.huji.ac.il/users/jeff/ijcai11meir.pdf}}

@inproceedings{MPR08,
	Address = {Estoril, Portugal},
	Author = {Reshef Meir and Ariel D. Procaccia and Jeffrey S. Rosenschein},
	Booktitle = {Proceedings of the 7th International Joint Conference on Autonomous Agents and Multiagent Systems (AAMAS)},
	Date-Added = {2012-09-07 09:52:38 +0000},
	Date-Modified = {2015-04-23 23:13:04 +0000},
	Month = {May},
	Pages = {991-998},
	Title = {A Broader Picture of the Complexity of Strategic Behavior in Multi-Winner Elections},
	Url = {ftp://ftp.cs.huji.ac.il/users/jeff/aamas08meir.pdf},
	Year = {2008},
	Bdsk-Url-1 = {ftp://ftp.cs.huji.ac.il/users/jeff/aamas08meir.pdf}}

@inproceedings{PRZ07,
	Address = {Hyderabad, India},
	Author = {Ariel D. Procaccia and Jeffrey S. Rosenschein and Aviv Zohar},
	Booktitle = {Proceedings of the 20th International Joint Conference on Artificial Intelligence (IJCAI)},
	Date-Added = {2012-09-07 09:50:44 +0000},
	Date-Modified = {2015-04-23 23:14:37 +0000},
	Month = {January},
	Pages = {1476-1481},
	Title = {Multi-Winner Elections: Complexity of Manipulation, Control and Winner-Determination},
	Url = {ftp://ftp.cs.huji.ac.il/users/jeff/ijcaia07procaccia.pdf},
	Year = {2007},
	Bdsk-Url-1 = {ftp://ftp.cs.huji.ac.il/users/jeff/ijcaia07procaccia.pdf}}

@inproceedings{DV09,
	Address = {Palo Alto, Califronia},
	Author = {Dominic DiPalantino and Milan Vojnovi{\'c}},
	Booktitle = {Proceedings of the 10th ACM conference on Electronic commerce},
	Date-Added = {2012-09-07 02:12:41 +0000},
	Date-Modified = {2015-06-27 22:51:36 +0000},
	Month = {July},
	Pages = {119-128},
	Title = {Crowdsourcing and All-Pay Auctions},
	Url = {http://dl.acm.org/citation.cfm?id=1566392},
	Year = {2009},
	Bdsk-Url-1 = {http://dl.acm.org/citation.cfm?id=1566392}}

@inproceedings{LYAC11,
	Address = {New-Orleans, Louisiana},
	Author = {Tracy Xiao Liu and Jiang Yang and Lada A. Adamic and Yan Chen},
	Booktitle = {Proceedings of the American Society for Information Science and Technology},
	Date-Added = {2012-09-07 02:03:31 +0000},
	Date-Modified = {2012-09-07 02:14:34 +0000},
	Month = {October},
	Pages = {1-4},
	Title = {Crowdsourcing with All-pay Auctions: a Field Experiment on Taskcn},
	Url = {https://mail.asis.org/asist2011/proceedings/submissions/298_FINAL_SUBMISSION.pdf},
	Volume = {48},
	Year = {2011},
	Bdsk-Url-1 = {https://mail.asis.org/asist2011/proceedings/submissions/298_FINAL_SUBMISSION.pdf}}

@inproceedings{Arc10,
	Address = {Raleigh, North Carolina},
	Author = {Nikolay Archak},
	Booktitle = {Proceedings of the 19th international conference on World wide web},
	Date-Added = {2012-09-07 02:00:25 +0000},
	Date-Modified = {2012-09-07 02:01:48 +0000},
	Pages = {21-30},
	Series = {WWW 2010},
	Title = {Money, glory and cheap talk: analyzing strategic behavior of contestants in simultaneous crowdsourcing contests on TopCoder.com},
	Url = {http://pages.stern.nyu.edu/~narchak/wfp0004-archak.pdf},
	Year = {2010},
	Bdsk-Url-1 = {http://pages.stern.nyu.edu/~narchak/wfp0004-archak.pdf}}

@inproceedings{AS09,
	Address = {Phoenix, Arizona},
	Author = {Nikolay Archak and Arun Sundararajan},
	Booktitle = {Proceedings of the 13th International Conference on Information Systems},
	Date-Added = {2012-09-07 01:52:35 +0000},
	Date-Modified = {2015-06-27 22:59:42 +0000},
	Series = {ICIS},
	Title = {Optimal Design of Crowdsourcing Contests},
	Url = {http://pages.stern.nyu.edu/~narchak/optimalCrowdsourcingDesign.pdf},
	Year = {2009},
	Bdsk-Url-1 = {http://pages.stern.nyu.edu/~narchak/optimalCrowdsourcingDesign.pdf}}

@inproceedings{CHS12,
	Address = {Kyoto, Japan},
	Author = {Shuchi Chawla and Jason D. Hartline and Balasubramanian Sivan},
	Booktitle = {Proceedings of the 23rd Annual ACM-SIAM Symposium on Discrete Algorithms (SODA)},
	Date-Added = {2012-09-07 01:46:27 +0000},
	Date-Modified = {2013-01-29 01:43:38 +0000},
	Pages = {856-868},
	Publisher = {SIAM},
	Title = {Optimal crowdsourcing contests},
	Url = {http://arxiv.org/pdf/1111.2893.pdf},
	Year = {2012},
	Bdsk-Url-1 = {http://arxiv.org/pdf/1111.2893.pdf}}

@article{How06,
	Author = {Jeff Howe},
	Date-Added = {2012-09-07 00:07:36 +0000},
	Date-Modified = {2012-09-07 00:16:08 +0000},
	Journal = {Wired Magazine},
	Month = {June},
	Number = {6},
	Title = {The Rise of Crowdsourcing},
	Url = {http://mslab.kaist.ac.kr/twiki/pub/Main/HyanghongKang/Howe_The_Rise_of_Crowdsourcing.pdf},
	Volume = {14},
	Year = {2006},
	Bdsk-Url-1 = {http://mslab.kaist.ac.kr/twiki/pub/Main/HyanghongKang/Howe_The_Rise_of_Crowdsourcing.pdf}}

@inproceedings{BL07,
	Author = {James Bennett and Stan Lanning},
	Booktitle = {Proceedings of KDD Cup and Workshop},
	Date-Added = {2012-09-06 23:37:28 +0000},
	Date-Modified = {2016-01-18 04:43:35 +0000},
	Title = {The {N}etflix Prize},
	Url = {http://brettb.net/project/papers/2007%20The%20Netflix%20Prize.pdf},
	Year = {2007},
	Bdsk-Url-1 = {http://brettb.net/project/papers/2007%20The%20Netflix%20Prize.pdf}}

@article{Var07,
	Author = {Hal R. Varian},
	Date-Added = {2012-09-06 22:49:46 +0000},
	Date-Modified = {2012-09-06 22:52:38 +0000},
	Journal = {International Journal of Industrial Organization},
	Pages = {1163--1178},
	Title = {Position auctions},
	Url = {http://citeseerx.ist.psu.edu/viewdoc/download?doi=10.1.1.142.2841&rep=rep1&type=pdf},
	Volume = {25},
	Year = {2007},
	Bdsk-Url-1 = {http://citeseerx.ist.psu.edu/viewdoc/download?doi=10.1.1.142.2841&rep=rep1&type=pdf}}

@book{NRTV07,
	Date-Added = {2012-09-04 23:59:54 +0000},
	Date-Modified = {2012-09-05 00:36:48 +0000},
	Editor = {Noam Nisan and Tim Roughgarden and Eva Tardos and Vijay V. Vazirani},
	Publisher = {Cambridge University Press},
	Title = {Algorithmic Game Theory},
	Url = {http://www.cambridge.org/journals/nisan/downloads/Nisan_Non-printable.pdf},
	Year = {2007},
	Bdsk-Url-1 = {http://www.cambridge.org/journals/nisan/downloads/Nisan_Non-printable.pdf}}

@inproceedings{GBKG12,
	Address = {Toronto, Canada},
	Author = {Xi Alice Gao and Yoram Bachrach and Peter Key and Thore Graepel},
	Booktitle = {Proceedings of the 26th National Conference on Artificial Intelligence (AAAI)},
	Date-Added = {2012-07-16 22:40:43 +0000},
	Date-Modified = {2012-09-07 10:30:31 +0000},
	Month = {June},
	Title = {Quality Expectation-Variance Tradeoffs in Crowdsourcing Contests},
	Url = {http://www.people.fas.harvard.edu/~xagao/papers/authorcritic_AIW2012.pdf},
	Year = {2012},
	Bdsk-Url-1 = {http://www.people.fas.harvard.edu/~xagao/papers/authorcritic_AIW2012.pdf}}

@book{Duv54,
	Author = {Maurice Duverger},
	Date-Added = {2012-07-01 15:33:26 +0000},
	Date-Modified = {2015-07-13 22:50:53 +0000},
	Publisher = {Methuen Publishing},
	Title = {Political Parties: Their Organization and Activity in the Modern State},
	Year = {1954}}

@article{Gib77,
	Author = {Allan Gibbard},
	Date-Added = {2012-07-01 15:16:49 +0000},
	Date-Modified = {2012-07-01 15:18:05 +0000},
	Journal = {Econometrica},
	Month = {April},
	Number = {3},
	Pages = {665-681},
	Title = {Manipulation of Schemes that Mix Voting with Chance},
	Volume = {45},
	Year = {1977}}

@misc{KK12,
	Author = {Bettina Klose and Dan Kovenock},
	Date-Added = {2012-05-31 04:38:56 +0000},
	Date-Modified = {2015-07-05 14:25:39 +0000},
	Howpublished = {Fourth Congress of the Game Theory Society (GAMES), Istanbul, Turkey},
	Month = {July},
	Title = {Moderating Alliances},
	Year = {2012}}

@article{MR03,
	Author = {Eric Maskin and John Riley},
	Date-Added = {2012-05-31 03:48:04 +0000},
	Date-Modified = {2012-09-07 01:34:39 +0000},
	Journal = {Games and Economic Behavior},
	Month = {November},
	Number = {2},
	Pages = {395-409},
	Title = {Uniqueness of equilibrium in sealed high-bid auctions},
	Url = {http://www.sciencedirect.com/science/article/pii/S0899825603001507},
	Volume = {45},
	Year = {2003},
	Bdsk-Url-1 = {http://www.sciencedirect.com/science/article/pii/S0899825603001507}}

@article{BF11,
	Author = {Omer Biran and Fran{\c c}oise Forges},
	Date-Added = {2012-05-31 02:09:47 +0000},
	Date-Modified = {2012-05-31 02:11:15 +0000},
	Journal = {Games and Economic Behavior},
	Month = {September},
	Number = {1},
	Pages = {52-64},
	Title = {Core-stable rings in auctions with independent private values},
	Volume = {73},
	Year = {2011}}

@article{MM07,
	Author = {Robert C. Marshall and Leslie M. Marx},
	Date-Added = {2012-05-31 02:04:27 +0000},
	Date-Modified = {2012-09-07 14:11:07 +0000},
	Journal = {Journal of Economic Theory},
	Month = {March},
	Number = {1},
	Pages = {374-402},
	Title = {Bidder collusion},
	Url = {http://econ.la.psu.edu/people/biographies/marshallpaper/biddercollusion.pdf},
	Volume = {133},
	Year = {2007},
	Bdsk-Url-1 = {http://econ.la.psu.edu/people/biographies/marshallpaper/biddercollusion.pdf}}

@article{CDRS93,
	Author = {Kalyan Chatterjee and Bhaskar Dutta and Debraj Ray and Kunal Sengupta},
	Date-Added = {2012-05-31 01:55:53 +0000},
	Date-Modified = {2012-05-31 01:57:02 +0000},
	Journal = {The Review of Economic Studies},
	Month = {April},
	Number = {2},
	Pages = {463-477},
	Title = {A Noncooperative Theory of Coalitional Bargaining},
	Volume = {60},
	Year = {1993}}

@techreport{AC03,
	Author = {Atila Abdulkadiro\u{g}lu and Kim-Sau Chung},
	Date-Added = {2012-05-31 01:28:03 +0000},
	Date-Modified = {2012-05-31 01:35:13 +0000},
	Institution = {Columbia and Northwestern},
	Title = {Auction Design with Tacit Collusion},
	Type = {Working Paper},
	Year = {2003}}

@article{FBN85,
	Author = {Jonathan S. Feinstein and Michael K. Block and Frederick C. Nold},
	Date-Added = {2012-05-31 01:15:05 +0000},
	Date-Modified = {2012-05-31 01:16:14 +0000},
	Journal = {The American Economic Review},
	Month = {June},
	Number = {3},
	Pages = {441-460},
	Title = {Asymmetric Information and Collusive Behavior in Auction Markets},
	Volume = {75},
	Year = {1985}}

@book{Kle04,
	Author = {Paul Klemperer},
	Date-Added = {2012-05-31 00:41:50 +0000},
	Date-Modified = {2012-05-31 00:43:18 +0000},
	Publisher = {Princeton University Press},
	Series = {The Toulouse Lectures in Economics},
	Title = {Auctions: Theory and Practice},
	Year = {2004}}

@article{BKV93,
	Author = {Michael R. Baye and Dan Kovenock and Casper G. de Vries},
	Date-Added = {2012-05-31 00:37:54 +0000},
	Date-Modified = {2012-09-07 01:29:17 +0000},
	Journal = {The American Economic Review},
	Month = {March},
	Number = {1},
	Pages = {289-294},
	Title = {Rigging the Lobbying Process: An Application of the All-Pay Auction},
	Url = {http://www.jstor.org/discover/10.2307/2117512?uid=3738240&uid=2129&uid=2&uid=70&uid=4&sid=21101169216041},
	Volume = {83},
	Year = {1993},
	Bdsk-Url-1 = {http://www.jstor.org/discover/10.2307/2117512?uid=3738240&uid=2129&uid=2&uid=70&uid=4&sid=21101169216041}}

@article{HR89,
	Author = {Arye L. Hillman and John G. Riley},
	Date-Added = {2012-05-30 23:31:13 +0000},
	Date-Modified = {2012-09-07 01:33:32 +0000},
	Journal = {Economics \& Politics},
	Month = {March},
	Number = {1},
	Pages = {17-39},
	Title = {Politically Contestable Rents and Transfers},
	Url = {http://onlinelibrary.wiley.com/doi/10.1111/j.1468-0343.1989.tb00003.x/abstract;jsessionid=2A502484A143F5DA35986003740E5D1C.d02t02},
	Volume = {1},
	Year = {1989},
	Bdsk-Url-1 = {http://onlinelibrary.wiley.com/doi/10.1111/j.1468-0343.1989.tb00003.x/abstract;jsessionid=2A502484A143F5DA35986003740E5D1C.d02t02}}

@article{HKM02,
	Author = {Steffen Huck and Kai A. Konrad and Wieland M{\"u}ller},
	Date-Added = {2012-05-30 23:14:16 +0000},
	Date-Modified = {2012-09-07 14:10:27 +0000},
	Journal = {Journal of Institutional and Theoretical Economics},
	Month = {December},
	Number = {4},
	Pages = {563-575},
	Title = {Merger and Collusion in Contests},
	Url = {http://arno.uvt.nl/show.cgi?fid=81514},
	Volume = {158},
	Year = {2002},
	Bdsk-Url-1 = {http://arno.uvt.nl/show.cgi?fid=81514}}

@article{BKV96,
	Author = {Michael R. Baye and Dan Kovenock and Casper G. de Vries},
	Date-Added = {2012-05-30 19:06:11 +0000},
	Date-Modified = {2012-09-07 01:30:43 +0000},
	Journal = {Economic Theory},
	Month = {August},
	Number = {2},
	Pages = {291-305},
	Title = {The all-pay auction with complete information},
	Url = {http://repub.eur.nl/res/pub/12406/TheAllPayAuction_1996.pdf},
	Volume = {8},
	Year = {1996},
	Bdsk-Url-1 = {http://repub.eur.nl/res/pub/12406/TheAllPayAuction_1996.pdf}}

@inproceedings{XC10,
	Address = {Atlanta, Georgia},
	Author = {Lirong Xia and Vincent Conitzer},
	Booktitle = {Proceedings of the 24th National Conference on Artificial Intelligence (AAAI)},
	Date-Added = {2012-05-15 10:04:23 +0000},
	Date-Modified = {2012-09-07 10:03:33 +0000},
	Pages = {805-810},
	Title = {Stackelberg Voting Games: Computational Aspects and Paradoxes},
	Year = {2010}}

@techreport{MP11,
	Author = {Matthias Messner and Mattias K. Polborn},
	Date-Added = {2012-05-14 23:51:24 +0000},
	Date-Modified = {2016-01-18 04:52:30 +0000},
	Institution = {IGIER (Innocenzo Gasparini Institute for Economic Research), Bocconi University},
	Number = {380},
	Title = {Miscounts, {D}uverger's Law and {D}uverger's Hypothesis},
	Year = {2011}}

@book{Kri02,
	Author = {Vijay Krishna},
	Date-Added = {2012-03-18 18:00:36 +0000},
	Date-Modified = {2012-03-18 18:00:36 +0000},
	Publisher = {Academic Press},
	Title = {Auction Theory},
	Year = {2002}}

@inproceedings{Pro10,
	Address = {Atlanta, Georgia},
	Author = {Ariel D. Procaccia},
	Booktitle = {Proceedings of the 24th National Conference on Artificial Intelligence (AAAI)},
	Date-Added = {2012-01-18 10:13:52 +0000},
	Date-Modified = {2012-09-07 10:03:11 +0000},
	Month = {July},
	Pages = {836--841},
	Title = {Can Approximation Circumvent {G}ibbard-{S}atterthwaite?},
	Year = {2010}}

@inproceedings{ELO08,
	Address = {Amsterdam, The Netherlands},
	Author = {Bruno Escoffier and J{\'e}r{\^o}me Lang and Meltem {\"O}zt{\"u}rk},
	Booktitle = {Proceedings of the 18th European Conference on Artificial Intelligence (ECAI)},
	Date-Added = {2012-01-18 10:08:44 +0000},
	Date-Modified = {2015-05-19 17:18:20 +0000},
	Pages = {366-370},
	Publisher = {IOS Press},
	Title = {Single-peaked consistency and its complexity},
	Year = {2008}}

@inproceedings{ZPR08,
	Address = {San Francisco, California},
	Author = {Michael Zuckerman and Ariel D. Procaccia and Jeffrey S. Rosenschein},
	Booktitle = {Proceedings of the 19th Annual ACM-SIAM Symposium on Discrete Algorithms (SODA)},
	Date-Added = {2012-01-18 10:00:44 +0000},
	Date-Modified = {2014-10-29 22:53:27 +0000},
	Pages = {277-286},
	Title = {Algorithms for the coalitional manipulation problem},
	Url = {ftp://ftp.cs.huji.ac.il/users/jeff/aij07zuckerman.pdf},
	Year = {2008},
	Bdsk-Url-1 = {ftp://ftp.cs.huji.ac.il/users/jeff/aij07zuckerman.pdf}}

@inproceedings{ZLR11,
	Address = {Taipei, Taiwan},
	Author = {Michael Zuckerman and Omer Lev and Jeffrey S. Rosenschein},
	Booktitle = {Proceedings of the 10th International Joint Conference on Autonomous Agents and Multiagent Systems (AAMAS)},
	Date-Added = {2012-01-18 09:52:55 +0000},
	Date-Modified = {2016-04-03 22:40:43 +0000},
	Month = {May},
	Pages = {845-852},
	Title = {An Algorithm for the Coalitional Manipulation Problem under Maximin},
	Url = {http://www.cs.toronto.edu/~omerl/papers/aamas11.pdf},
	Year = {2011},
	Bdsk-Url-1 = {ftp://ftp.cs.huji.ac.il/users/jeff/aamas11zuckerman.pdf},
	Bdsk-Url-2 = {http://www.cs.toronto.edu/~omerl/papers/aamas11.pdf}}

@article{BO91,
	Author = {John J. {Bartholdi III} and James B. Orlin},
	Date-Added = {2012-01-18 09:49:58 +0000},
	Date-Modified = {2015-04-23 23:10:09 +0000},
	Journal = {Social Choice and Welfare},
	Number = {4},
	Pages = {341-354},
	Title = {Single transferable vote resists strategic voting},
	Volume = {8},
	Year = {1991}}

@inproceedings{DE10,
	Address = {Cambridge, Massachusetts},
	Author = {Yvo Desmedt and Edith Elkind},
	Booktitle = {Proceedings of the 11th ACM conference on Electronic Commerce (EC)},
	Date-Added = {2012-01-18 04:04:57 +0000},
	Date-Modified = {2016-01-22 01:26:04 +0000},
	Month = {June},
	Pages = {347-356},
	Title = {Equilibria of plurality voting with abstentions},
	Year = {2010}}

@article{FP97,
	Author = {Timothy Feddersen and Wolfgang Pesendorfer},
	Date-Added = {2012-01-18 03:53:18 +0000},
	Date-Modified = {2012-01-18 03:54:07 +0000},
	Journal = {Econometrica},
	Month = {September},
	Number = {5},
	Pages = {1029-1058},
	Title = {Voting Behavior and Information Aggregation in Elections With Private Information},
	Volume = {65},
	Year = {1997}}

@article{MW76,
	Author = {Richard D. McKelvey and Richard E. Wendell},
	Date-Added = {2012-01-18 03:48:28 +0000},
	Date-Modified = {2012-01-24 13:54:58 +0000},
	Journal = {Mathematics of Operations Research},
	Month = {May},
	Number = {2},
	Pages = {144-158},
	Title = {Voting Equilibria in Multidimensional Choice Spaces},
	Volume = {1},
	Year = {1976}}

@techreport{KW10,
	Author = {Kei Kawai and Yasutora Watanabe},
	Date-Added = {2012-01-18 03:00:58 +0000},
	Date-Modified = {2012-01-18 03:11:21 +0000},
	Howpublished = {Mimeo},
	Institution = {Northwestern},
	Title = {Inferring Strategic Voting},
	Year = {2010}}

@article{Sin01,
	Author = {Francesco {De Sinopoli}},
	Date-Added = {2012-01-18 02:58:51 +0000},
	Date-Modified = {2012-01-18 12:34:59 +0000},
	Journal = {Games and Economic Behavior},
	Month = {February},
	Number = {2},
	Pages = {270-286},
	Title = {On the Generic Finiteness of Equilibrium Outcomes in Plurality Games},
	Volume = {34},
	Year = {2001}}

@inproceedings{LR12,
	Address = {Valencia, Spain},
	Author = {Omer Lev and Jeffrey S. Rosenschein},
	Booktitle = {Proceedings of the 11th International Conference on Autonomous Agents and Multiagent Systems (AAMAS)},
	Date-Added = {2012-01-16 11:28:44 +0000},
	Date-Modified = {2016-04-03 23:06:43 +0000},
	Month = {June},
	Pages = {611-618},
	Title = {Convergence of Iterative Voting},
	Url = {http://www.cs.toronto.edu/~omerl/papers/aamas12.pdf},
	Volume = {2},
	Year = {2012},
	Bdsk-Url-1 = {http://www.cs.toronto.edu/~omerl/papers/aamas12.pdf}}

@inproceedings{HE10,
	Address = {Athens, Greece},
	Author = {Noam Hazon and Edith Elkind},
	Booktitle = {Proceedings of the 3rd International Symposium on Algorithmic Game Theory (SAGT)},
	Date-Added = {2011-09-26 19:12:50 +0000},
	Date-Modified = {2013-06-10 10:39:28 +0000},
	Month = {October},
	Pages = {210-221},
	Title = {Complexity of Safe Strategic Voting},
	Year = {2010}}

@inproceedings{SW08,
	Author = {Arkadii Slinko and Shaun White},
	Booktitle = {Proceedings of COMSOC},
	Date-Added = {2011-09-26 19:07:31 +0000},
	Date-Modified = {2012-09-07 10:31:56 +0000},
	Pages = {403-414},
	Title = {Non-dictatorial Social Choice Rules Are Safely Manipulable},
	Year = {2008}}

@inproceedings{BEKKT11,
	Author = {Larry Blume and David A. Easley and Jon M. Kleinberg and Robert D. Kleinberg and {\'E}va Tardos},
	Booktitle = {ACM Conference on Electronic Commerce '11},
	Date-Added = {2011-09-26 15:12:35 +0000},
	Date-Modified = {2012-01-24 13:56:01 +0000},
	Pages = {1-10},
	Title = {Network formation in the presence of contagious risk},
	Year = {2011}}

@article{HLO72,
	Author = {Melvin J. Hinich and John O. Ledyard and Peter C. Ordeshook},
	Date-Added = {2011-02-08 01:01:01 +0200},
	Date-Modified = {2011-02-08 01:02:09 +0200},
	Journal = {Journal of Economic Theory},
	Month = {April},
	Number = {2},
	Pages = {144-153},
	Title = {Nonvoting and the existence of equilibrium under majority rule},
	Volume = {4},
	Year = {1972}}

@article{MW93,
	Author = {Roger B. Myerson and Robert J. Weber},
	Date-Added = {2011-02-07 18:32:16 +0200},
	Date-Modified = {2011-02-07 18:33:39 +0200},
	Journal = {The American Political Science Review},
	Month = {March},
	Number = {1},
	Pages = {102-114},
	Title = {A Theory of Voting Equilibria},
	Volume = {87},
	Year = {1993}}

@inproceedings{AE09,
	Address = {Venice, Italy},
	Author = {St{\'e}phane Airiau and Ulle Endriss},
	Booktitle = {Proceedings of the 1st International Conference on Algorithmic Decision Theory (ADT)},
	Date-Added = {2011-02-07 18:19:42 +0200},
	Date-Modified = {2015-06-07 18:33:44 +0000},
	Month = {October},
	Pages = {38-49},
	Title = {Iterated Majority Voting},
	Year = {2009}}

@inproceedings{CPP04,
	Address = {Lisbon, Portugal},
	Author = {Samir Chopra and Eric Pacuit and Rohit Parikh},
	Booktitle = {Proceedings of 9th European Conference on Logics in Artificial Intelligence (JELIA)},
	Date-Added = {2011-02-07 18:05:21 +0200},
	Date-Modified = {2015-05-31 02:04:56 +0000},
	Month = {September},
	Pages = {18-30},
	Title = {Knowledge-Theoretic Properties of Strategic Voting},
	Year = {2004}}

@article{EJ96,
	Author = {Eithan Ephrati and Jeffrey S. Rosenschein},
	Date-Added = {2011-02-07 18:02:04 +0200},
	Date-Modified = {2011-02-07 18:03:19 +0200},
	Journal = {Artificial Intelligence},
	Month = {November},
	Number = {1-2},
	Pages = {21-74},
	Title = {Deriving consensus in multiagent systems},
	Volume = {87},
	Year = {1996}}

@article{DL04,
	Author = {Amrita Dhillon and Ben Lockwood},
	Date-Added = {2011-02-07 17:55:21 +0200},
	Date-Modified = {2011-02-07 17:55:58 +0200},
	Journal = {Games and Economic Behavior},
	Month = {January},
	Number = {1},
	Pages = {55-75},
	Title = {When are plurality rule voting games dominance-solvable?},
	Volume = {46},
	Year = {2004}}

@article{MP07,
	Author = {Matthias Messner and Mattias K. Polborn},
	Date-Added = {2011-02-07 17:38:19 +0200},
	Date-Modified = {2011-02-08 03:03:51 +0200},
	Journal = {International Journal of Game Theory},
	Number = {2},
	Pages = {287-314},
	Title = {Strong and coalition-proof political equilibria under plurality and runoff rule},
	Volume = {35},
	Year = {2007}}

@article{She79,
	Author = {Kenneth A. Shepsle},
	Date-Added = {2011-02-07 17:36:06 +0200},
	Date-Modified = {2011-02-08 04:33:59 +0200},
	Journal = {American Journal of Political Science},
	Month = {February},
	Number = {1},
	Pages = {27-59},
	Title = {Institutional Arrangements and Equilibrium in Multidimensional Voting Models},
	Volume = {23},
	Year = {1979}}

@article{Tre98,
	Author = {Pierre de Trenqualye},
	Date-Added = {2011-02-07 17:26:01 +0200},
	Date-Modified = {2016-10-11 55:32:29 AM +0000},
	Journal = {Social Choice and Welfare},
	Number = {1},
	Pages = {141-159},
	Title = {An extension of {B}owen's dynamic voting rule to many dimensions},
	Volume = {15},
	Year = {1998}}

@article{FSW90,
	Author = {Timothy J. Feddersen and Itai Sened and Stephen G. Wright},
	Date-Added = {2011-02-07 17:22:41 +0200},
	Date-Modified = {2011-02-07 17:23:58 +0200},
	Journal = {American Journal of Political Science},
	Month = {November},
	Number = {4},
	Pages = {1005-1016},
	Title = {Rational Voting and Candidate Entry under Plurality Rule},
	Volume = {34},
	Year = {1990}}

@incollection{Laf87,
	Author = {Jean-Jacques Laffont},
	Booktitle = {Handbook of Public Economics},
	Chapter = {10},
	Date-Added = {2011-02-07 16:43:46 +0200},
	Date-Modified = {2015-07-01 13:27:14 +0000},
	Editor = {Alan J. Auerbach and Martin Feldstein},
	Month = {April},
	Pages = {537-569},
	Publisher = {Elsevier},
	Series = {Handbook of Public Economics},
	Title = {Incentives and the allocation of public goods},
	Volume = {2},
	Year = {1987}}

@inproceedings{XZPCR09,
	Address = {Pasadena, California},
	Author = {Lirong Xia and Michael Zuckerman and Ariel D. Procaccia and Vincent Conitzer and Jeffrey S. Rosenschein},
	Booktitle = {Proceedings of the 21st International Joint Conference on Artificial Intelligence (IJCAI)},
	Date-Added = {2011-02-04 03:49:18 +0200},
	Date-Modified = {2015-04-23 23:13:54 +0000},
	Month = {July},
	Pages = {348-353},
	Title = {Complexity of Unweighted Coalitional Manipulation Under Some Common Voting Rules},
	Url = {ftp://ftp.cs.huji.ac.il/users/jeff/ijcai09xia.pdf},
	Year = {2009},
	Bdsk-Url-1 = {ftp://ftp.cs.huji.ac.il/users/jeff/ijcai09xia.pdf}}

@inproceedings{MPRJ10,
	Address = {Atlanta},
	Author = {Reshef Meir and Maria Polukarov and Jeffrey S. Rosenschein and Nicholas R. Jennings},
	Booktitle = {Proceedings of the 24th National Conference on Artificial Intelligence (AAAI)},
	Date-Added = {2011-02-02 03:49:12 +0200},
	Date-Modified = {2012-07-03 19:45:51 +0000},
	Month = {July},
	Pages = {823-828},
	Title = {Convergence to Equilibria of Plurality Voting},
	Year = {2010}}

@article{BTT89,
	Author = {John J. {Bartholdi III} and Craig A. Tovey and Michael A. Trick},
	Date-Added = {2011-02-02 03:41:17 +0200},
	Date-Modified = {2011-02-08 04:36:38 +0200},
	Journal = {Social Choice and Welfare},
	Number = {3},
	Pages = {227-241},
	Title = {The Computational Difficulty of Manipulating an Election},
	Volume = {6},
	Year = {1989}}

@article{Sat75,
	Author = {Mark Allen Satterthwaite},
	Date-Added = {2011-02-02 02:22:01 +0200},
	Date-Modified = {2011-10-11 08:28:51 +0000},
	Journal = {Journal of Economic Theory},
	Month = {April},
	Number = {2},
	Pages = {187-217},
	Title = {Strategy-proofness and {A}rrow's conditions: Existence and correspondence theorems for voting procedures and social welfare functions},
	Volume = {10},
	Year = {1975}}

@article{Gib73,
	Author = {Allan Gibbard},
	Date-Added = {2011-02-02 02:19:06 +0200},
	Date-Modified = {2011-02-08 04:32:06 +0200},
	Journal = {Econometrica},
	Month = {July},
	Number = {4},
	Pages = {587-602},
	Title = {Manipulation of voting schemes},
	Volume = {41},
	Year = {1973}}

@article{anderson1998rent,
	Author = {Anderson, S.P. and Goeree, J.K. and Holt, C.A.},
	Journal = {Journal of Political Economy},
	Number = {4},
	Pages = {828--853},
	Publisher = {JSTOR},
	Title = {Rent seeking with bounded rationality: An analysis of the all-pay auction},
	Volume = {106},
	Year = {1998}}

@article{BE88,
	Author = {Richard F. Beltramini and Kenneth R. Evans},
	Date-Modified = {2015-06-22 01:10:43 +0000},
	Journal = {The Journal of Personal Selling and Sales Management},
	Pages = {35--42},
	Publisher = {JSTOR},
	Title = {Salesperson motivation to perform and job satisfaction: a sales contest participant perspective},
	Year = {1988}}

@article{Den96,
	Author = {Vincenzo Denicolo},
	Date-Modified = {2015-06-28 15:51:08 +0000},
	Journal = {The Journal of Industrial Economics},
	Pages = {249-265},
	Title = {Patent races and optimal patent breadth and length},
	Year = {1996}}

@article{baye2003strategic,
	Author = {Michael R. Baye and Hoppe, H.C.},
	Date-Modified = {2013-07-31 04:58:42 +0000},
	Journal = {Games and Economic Behavior},
	Number = {2},
	Pages = {217--226},
	Publisher = {Elsevier},
	Title = {The strategic equivalence of rent-seeking, innovation, and patent-race games},
	Volume = {44},
	Year = {2003}}

@article{LGE10,
	Author = {Karim R. Lakhani and David A. Garvin and Eric Lonstein},
	Date-Modified = {2015-06-23 01:15:13 +0000},
	Journal = {Harvard Business Review},
	Title = {TopCoder (A): Developing software through crowdsourcing},
	Year = {2010}}
