@article{antoniou2018train,
  title={How to train your MAML},
  author={Antoniou, Antreas and Edwards, Harrison and Storkey, Amos},
  journal={arXiv preprint arXiv:1810.09502},
  year={2018}
}
@article{behl2019alpha,
  title={Alpha MAML: Adaptive Model-Agnostic Meta-Learning},
  author={Behl, Harkirat Singh and Baydin, At{\i}l{\i}m G{\"u}ne{\c{s}} and Torr, Philip HS},
  journal={arXiv preprint arXiv:1905.07435},
  year={2019}
}

@article{killamsetty2020glister,
  title={GLISTER: Generalization based Data Subset Selection for Efficient and Robust Learning},
  author={Killamsetty, Krishnateja and Sivasubramanian, Durga and Ramakrishnan, Ganesh and Iyer, Rishabh},
  journal={arXiv preprint arXiv:2012.10630},
  year={2020}
}

@article{Naik1992MetaneuralNT,
  title={Meta-neural networks that learn by learning},
  author={Devang K. Naik and R. Mammone},
  journal={[Proceedings 1992] IJCNN International Joint Conference on Neural Networks},
  year={1992},
  volume={1},
  pages={437-442 vol.1}
}

@MastersThesis{schmidhuber1987,
author = "Jurgen Schmidhuber",
title = "Evolutionary Principles in Self-Referential Learning. On Learning now to Learn: The Meta-Meta-Meta...-Hook",
school = "Technische Universitat Munchen, Germany",
year = "1987",
type = "Diploma Thesis",
month = "14 " # may,
keywords = "genetic algorithms, genetic programming, self-reference, introspection, learning, meta, evolution, associative nets, neuronal nets, genetic algorithm, bucket brigade, SLAM, PSALM, EURISKO, fractals",
URL = "http://www.idsia.ch/~juergen/diploma.html",
size = "62 pages",
}

@inproceedings{finn2017model,
  title={Model-agnostic meta-learning for fast adaptation of deep networks},
  author={Finn, Chelsea and Abbeel, Pieter and Levine, Sergey},
  booktitle={Proceedings of the 34th International Conference on Machine Learning-Volume 70},
  pages={1126--1135},
  year={2017},
  organization={JMLR. org}
}
@inproceedings{yoon2018bayesian,
  title={Bayesian model-agnostic meta-learning},
  author={Yoon, Jaesik and Kim, Taesup and Dia, Ousmane and Kim, Sungwoong and Bengio, Yoshua and Ahn, Sungjin},
  booktitle={Advances in Neural Information Processing Systems},
  pages={7332--7342},
  year={2018}
}

@inproceedings{lee2020l2b,
    title={Learning to Balance: Bayesian Meta-Learning for Imbalanced and Out-of-distribution Tasks},
    author={Hae Beom Lee and Hayeon Lee and Donghyun Na and Saehoon Kim and Minseop Park and Eunho Yang and Sung Ju Hwang},
    booktitle={ICLR},
    year={2020}
}

@article{gordon2018meta,
  title={Meta-learning probabilistic inference for prediction},
  author={Gordon, Jonathan and Bronskill, John and Bauer, Matthias and Nowozin, Sebastian and Turner, Richard E},
  journal={arXiv preprint arXiv:1805.09921},
  year={2018}
}

@article{cai2020weightedmeta,
  title={Weighted Meta-learning},
  author={Cai, Diana and Sheth, Rishit and Mackey, Lester and Fusi, Nicolo},
  journal={arXiv preprint arXiv:2003.09465},
  year={2020}
}


@article{hays2007scene,
  title={Scene Completion using Millions of Photographs},
  author={Hays, James and Efros, Alexei A},
  journal={ACM Transactions on Graphics (TOG)},
  volume={26},
  number={3},
  pages={4--es},
  year={2007},
  publisher={ACM New York, NY, USA}
}

@inproceedings{santoro2016meta,
  title={Meta-learning with memory-augmented neural networks},
  author={Santoro, Adam and Bartunov, Sergey and Botvinick, Matthew and Wierstra, Daan and Lillicrap, Timothy},
  booktitle={International conference on machine learning},
  pages={1842--1850},
  year={2016}
}
@incollection{wang2019generalizing,
  title={Generalizing from a few examples: A survey on few-shot learning},
  author={Wang, Yaqing and Yao, Quanming and Kwok, James and Ni, Lionel M},
  booktitle={arXiv: 1904.05046},
  year={2019}
}

@inproceedings{snell2017prototypical,
  title={Prototypical networks for few-shot learning},
  author={Snell, Jake and Swersky, Kevin and Zemel, Richard},
  booktitle={Advances in neural information processing systems},
  pages={4077--4087},
  year={2017}
}

@inproceedings{cubuk2019autoaugment,
  title={Autoaugment: Learning augmentation strategies from data},
  author={Cubuk, Ekin D and Zoph, Barret and Mane, Dandelion and Vasudevan, Vijay and Le, Quoc V},
  booktitle={Proceedings of the IEEE conference on computer vision and pattern recognition},
  pages={113--123},
  year={2019}
}
@article{wei2019eda,
  title={Eda: Easy data augmentation techniques for boosting performance on text classification tasks},
  author={Wei, Jason W and Zou, Kai},
  journal={arXiv preprint arXiv:1901.11196},
  year={2019}
}
@article{caruana1997multitask,
  title={Multitask learning},
  author={Caruana, Rich},
  journal={Machine learning},
  volume={28},
  number={1},
  pages={41--75},
  year={1997},
  publisher={Springer}
}
@article{zhang2017survey,
  title={A survey on multi-task learning},
  author={Zhang, Yu and Yang, Qiang},
  journal={arXiv preprint arXiv:1707.08114},
  year={2017}
}
@article{ravi2016optimization,
  title={Optimization as a model for few-shot learning},
  author={Ravi, Sachin and Larochelle, Hugo},
  journal={ICLR},
  year={2016}
}
@article{graves2014neural,
  title={Neural turing machines},
  author={Graves, Alex and Wayne, Greg and Danihelka, Ivo},
  journal={arXiv preprint arXiv:1410.5401},
  year={2014}
}

@article{netzer2011reading,
  title={Reading digits in natural images with unsupervised feature learning},
  author={Netzer, Yuval and Wang, Tao and Coates, Adam and Bissacco, Alessandro and Wu, Bo and Ng, Andrew Y},
  journal={NIPS Workshop on Deep Learning and Unsupervised Feature Learning},
  year={2011}
}


@article{xiao2017fashion,
  title={Fashion-mnist: a novel image dataset for benchmarking machine learning algorithms},
  author={Xiao, Han and Rasul, Kashif and Vollgraf, Roland},
  journal={arXiv preprint arXiv:1708.07747},
  year={2017}
}

@article{miller2016key,
  title={Key-value memory networks for directly reading documents},
  author={Miller, Alexander and Fisch, Adam and Dodge, Jesse and Karimi, Amir-Hossein and Bordes, Antoine and Weston, Jason},
  journal={arXiv preprint arXiv:1606.03126},
  year={2016}
}

@inproceedings{sukhbaatar2015end,
  title={End-to-end memory networks},
  author={Sukhbaatar, Sainbayar and Weston, Jason and Fergus, Rob and others},
  booktitle={Advances in neural information processing systems},
  pages={2440--2448},
  year={2015}
}

@article{weston2014memory,
  title={Memory networks},
  author={Weston, Jason and Chopra, Sumit and Bordes, Antoine},
  journal={arXiv preprint arXiv:1410.3916},
  year={2014}
}
@inproceedings{salakhutdinov2011learning,
  title={Learning to learn with compound hd models},
  author={Salakhutdinov, Ruslan and Tenenbaum, Joshua B and Torralba, Antonio},
  booktitle={Proceedings of the 24th International Conference on Neural Information Processing Systems},
  pages={2061--2069},
  year={2011}
}
@inproceedings{jia2014caffe,
  title={Caffe: Convolutional architecture for fast feature embedding},
  author={Jia, Yangqing and Shelhamer, Evan and Donahue, Jeff and Karayev, Sergey and Long, Jonathan and Girshick, Ross and Guadarrama, Sergio and Darrell, Trevor},
  booktitle={Proceedings of the 22nd ACM international conference on Multimedia},
  pages={675--678},
  year={2014}
}
@inproceedings{benaim2018one,
  title={One-shot unsupervised cross domain translation},
  author={Benaim, Sagie and Wolf, Lior},
  booktitle={Advances in Neural Information Processing Systems},
  pages={2104--2114},
  year={2018}
}
@inproceedings{luo2017label,
  title={Label efficient learning of transferable representations acrosss domains and tasks},
  author={Luo, Zelun and Zou, Yuliang and Hoffman, Judy and Fei-Fei, Li F},
  booktitle={Advances in Neural Information Processing Systems},
  pages={165--177},
  year={2017}
}
@inproceedings{andrychowicz2016learning,
  title={Learning to learn by gradient descent by gradient descent},
  author={Andrychowicz, Marcin and Denil, Misha and Gomez, Sergio and Hoffman, Matthew W and Pfau, David and Schaul, Tom and Shillingford, Brendan and De Freitas, Nando},
  booktitle={Advances in neural information processing systems},
  pages={3981--3989},
  year={2016}
}
@inproceedings{caelles2017one,
  title={One-shot video object segmentation},
  author={Caelles, Sergi and Maninis, Kevis-Kokitsi and Pont-Tuset, Jordi and Leal-Taix{\'e}, Laura and Cremers, Daniel and Van Gool, Luc},
  booktitle={Proceedings of the IEEE conference on computer vision and pattern recognition},
  pages={221--230},
  year={2017}
}
@inproceedings{keshari2018learning,
  title={Learning structure and strength of CNN filters for small sample size training},
  author={Keshari, Rohit and Vatsa, Mayank and Singh, Richa and Noore, Afzel},
  booktitle={Proceedings of the IEEE Conference on Computer Vision and Pattern Recognition},
  pages={9349--9358},
  year={2018}
}
@inproceedings{arik2018neural,
  title={Neural voice cloning with a few samples},
  author={Arik, Sercan and Chen, Jitong and Peng, Kainan and Ping, Wei and Zhou, Yanqi},
  booktitle={Advances in Neural Information Processing Systems},
  pages={10019--10029},
  year={2018}
}
@inproceedings{wang2016learning,
  title={Learning to learn: Model regression networks for easy small sample learning},
  author={Wang, Yu-Xiong and Hebert, Martial},
  booktitle={European Conference on Computer Vision},
  pages={616--634},
  year={2016},
  organization={Springer}
}
@inproceedings{finn2018probabilistic,
  title={Probabilistic model-agnostic meta-learning},
  author={Finn, Chelsea and Xu, Kelvin and Levine, Sergey},
  booktitle={Advances in Neural Information Processing Systems},
  pages={9516--9527},
  year={2018}
}
@article{grant2018recasting,
  title={Recasting gradient-based meta-learning as hierarchical bayes},
  author={Grant, Erin and Finn, Chelsea and Levine, Sergey and Darrell, Trevor and Griffiths, Thomas},
  journal={arXiv preprint arXiv:1801.08930},
  year={2018}
}
@article{ravi2018amortized,
  title={Amortized bayesian meta-learning},
  author={Ravi, Sachin and Beatson, Alex},
  year={2018}
}
@article{rusu2018meta,
  title={Meta-learning with latent embedding optimization},
  author={Rusu, Andrei A and Rao, Dushyant and Sygnowski, Jakub and Vinyals, Oriol and Pascanu, Razvan and Osindero, Simon and Hadsell, Raia},
  journal={arXiv preprint arXiv:1807.05960},
  year={2018}
}

@inproceedings{vinyals2016matching,
  title={Matching networks for one shot learning},
  author={Vinyals, Oriol and Blundell, Charles and Lillicrap, Timothy and Wierstra, Daan and others},
  booktitle={Advances in neural information processing systems},
  pages={3630--3638},
  year={2016}
}
@book{thrun2012learning,
  title={Learning to learn},
  author={Thrun, Sebastian and Pratt, Lorien},
  year={2012},
  publisher={Springer Science \& Business Media}
}

@article{li2017meta,
  title={Meta-sgd: Learning to learn quickly for few-shot learning},
  author={Li, Zhenguo and Zhou, Fengwei and Chen, Fei and Li, Hang},
  journal={arXiv preprint arXiv:1707.09835},
  year={2017}
}
@article{kim2018bayesian,
  title={Bayesian model-agnostic meta-learning},
  author={Kim, Taesup and Yoon, Jaesik and Dia, Ousmane and Kim, Sungwoong and Bengio, Yoshua and Ahn, Sungjin},
  journal={arXiv preprint arXiv:1806.03836},
  year={2018}
}

@article{nichol2018first,
  title={On first-order meta-learning algorithms},
  author={Nichol, Alex and Achiam, Joshua and Schulman, John},
  journal={arXiv preprint arXiv:1803.02999},
  year={2018}
}

@inproceedings{rajeswaran2019meta,
  title={Meta-learning with implicit gradients},
  author={Rajeswaran, Aravind and Finn, Chelsea and Kakade, Sham M and Levine, Sergey},
  booktitle={Advances in Neural Information Processing Systems},
  pages={113--124},
  year={2019}
}

@article{raghu2019rapid,
  title={Rapid learning or feature reuse? towards understanding the effectiveness of maml},
  author={Raghu, Aniruddh and Raghu, Maithra and Bengio, Samy and Vinyals, Oriol},
  journal={arXiv preprint arXiv:1909.09157},
  year={2019}
}

@ARTICLE{7600403,  author={N. {Gu} and M. {Fan} and D. {Meng}},  journal={IEEE Signal Processing Letters},   title={Robust Semi-Supervised Classification for Noisy Labels Based on Self-Paced Learning},   year={2016},  volume={23},  number={12},  pages={1806-1810},}

@inproceedings{chen2019distributionally,
  title={Distributionally robust semi-supervised learning for people-centric sensing},
  author={Chen, Kaixuan and Yao, Lina and Zhang, Dalin and Chang, Xiaojun and Long, Guodong and Wang, Sen},
  booktitle={Proceedings of the AAAI Conference on Artificial Intelligence},
  volume={33},
  pages={3321--3328},
  year={2019}
}

@article{yin2018adversarial,
  title={Adversarial meta-learning},
  author={Yin, Chengxiang and Tang, Jian and Xu, Zhiyuan and Wang, Yanzhi},
  journal={arXiv preprint arXiv:1806.03316},
  year={2018}
}

@article{shafahi2019adversarially,
  title={Adversarially robust transfer learning},
  author={Shafahi, Ali and Saadatpanah, Parsa and Zhu, Chen and Ghiasi, Amin and Studer, Christoph and Jacobs, David and Goldstein, Tom},
  journal={arXiv preprint arXiv:1905.08232},
  year={2019}
}


@inproceedings{papernot2016distillation,
  title={Distillation as a defense to adversarial perturbations against deep neural networks},
  author={Papernot, Nicolas and McDaniel, Patrick and Wu, Xi and Jha, Somesh and Swami, Ananthram},
  booktitle={2016 IEEE Symposium on Security and Privacy (SP)},
  pages={582--597},
  year={2016},
  organization={IEEE}
}

@article{luo2015foveation,
  title={Foveation-based mechanisms alleviate adversarial examples},
  author={Luo, Yan and Boix, Xavier and Roig, Gemma and Poggio, Tomaso and Zhao, Qi},
  journal={arXiv preprint arXiv:1511.06292},
  year={2015}
}

@article{zhao2020dualmaml,
  title={A Primal-Dual Subgradient Approach for Fair Meta Learning},
  author={Zhao, Chen and Chen, Feng and Wang, Zhuoyi and Khan, Latifur},
  journal={Proceedings of the 20th IEEE International Conference on Data Mining (ICDM)},
  year={2020}
}


@article{samangouei2018defense,
  title={Defense-gan: Protecting classifiers against adversarial attacks using generative models},
  author={Samangouei, Pouya and Kabkab, Maya and Chellappa, Rama},
  journal={arXiv preprint arXiv:1805.06605},
  year={2018}
}
@article{jalal2017robust,
  title={The robust manifold defense: Adversarial training using generative models},
  author={Jalal, Ajil and Ilyas, Andrew and Daskalakis, Constantinos and Dimakis, Alexandros G},
  journal={arXiv preprint arXiv:1712.09196},
  year={2017}
}

@article{wang2019direct,
  title={A direct approach to robust deep learning using adversarial networks},
  author={Wang, Huaxia and Yu, Chun-Nam},
  journal={arXiv preprint arXiv:1905.09591},
  year={2019}
}

@article{asi2019importance,
  title={The importance of better models in stochastic optimization},
  author={Asi, Hilal and Duchi, John C},
  journal={Proceedings of the National Academy of Sciences},
  volume={116},
  number={46},
  pages={22924--22930},
  year={2019},
  publisher={National Acad Sciences}
}

@inproceedings{vuorio2019multimodal,
  title={Multimodal Model-Agnostic Meta-Learning via Task-Aware Modulation},
  author={Vuorio, Risto and Sun, Shao-Hua and Hu, Hexiang and Lim, Joseph J},
  booktitle={Advances in Neural Information Processing Systems},
  pages={1--12},
  year={2019}
}

@inproceedings{ren2018learning,
  title={Learning to reweight examples for robust deep learning},
  author={Ren, Mengye and Zeng, Wenyuan and Yang, Bin and Urtasun, Raquel},
  booktitle={International Conference on Machine Learning},
  pages={4334--4343},
  year={2018},
  organization={PMLR}
}

@inproceedings{li2019learning,
  title={Learning to learn from noisy labeled data},
  author={Li, Junnan and Wong, Yongkang and Zhao, Qi and Kankanhalli, Mohan S},
  booktitle={Proceedings of the IEEE Conference on Computer Vision and Pattern Recognition},
  pages={5051--5059},
  year={2019}
}

@inproceedings{wang2020training,
  title={Training Noise-Robust Deep Neural Networks via Meta-Learning},
  author={Wang, Zhen and Hu, Guosheng and Hu, Qinghua},
  booktitle={Proceedings of the IEEE/CVF Conference on Computer Vision and Pattern Recognition},
  pages={4524--4533},
  year={2020}
}

@inproceedings{lee2018cleannet,
  title={Cleannet: Transfer learning for scalable image classifier training with label noise},
  author={Lee, Kuang-Huei and He, Xiaodong and Zhang, Lei and Yang, Linjun},
  booktitle={Proceedings of the IEEE Conference on Computer Vision and Pattern Recognition},
  pages={5447--5456},
  year={2018}
}

@article{chen2019understanding,
  title={Understanding and utilizing deep neural networks trained with noisy labels},
  author={Chen, Pengfei and Liao, Benben and Chen, Guangyong and Zhang, Shengyu},
  journal={arXiv preprint arXiv:1905.05040},
  year={2019}
}

@inproceedings{han2018co,
  title={Co-teaching: Robust training of deep neural networks with extremely noisy labels},
  author={Han, Bo and Yao, Quanming and Yu, Xingrui and Niu, Gang and Xu, Miao and Hu, Weihua and Tsang, Ivor and Sugiyama, Masashi},
  booktitle={Advances in neural information processing systems},
  pages={8527--8537},
  year={2018}
}

@article{yao2020automated,
  title={Automated relational meta-learning},
  author={Yao, Huaxiu and Wu, Xian and Tao, Zhiqiang and Li, Yaliang and Ding, Bolin and Li, Ruirui and Li, Zhenhui},
  journal={ICLR},
  year={2020}
}

@article{triantafillou2019meta,
  title={Meta-dataset: A dataset of datasets for learning to learn from few examples},
  author={Triantafillou, Eleni and Zhu, Tyler and Dumoulin, Vincent and Lamblin, Pascal and Evci, Utku and Xu, Kelvin and Goroshin, Ross and Gelada, Carles and Swersky, Kevin and Manzagol, Pierre-Antoine and others},
  journal={ICLR},
  year={2020}
}

@inproceedings{shu2019meta,
  title={Meta-weight-net: Learning an explicit mapping for sample weighting},
  author={Shu, Jun and Xie, Qi and Yi, Lixuan and Zhao, Qian and Zhou, Sanping and Xu, Zongben and Meng, Deyu},
  booktitle={Advances in Neural Information Processing Systems},
  pages={1919--1930},
  year={2019}
}

@article{lu2020robust,
  title={Robust Few-Shot Learning for User-Provided Data},
  author={Lu, Jiang and Jin, Sheng and Liang, Jian and Zhang, Changshui},
  journal={IEEE Transactions on Neural Networks and Learning Systems},
  year={2020},
  publisher={IEEE}
}

@inproceedings{zhao2020fair,
  title={Fair meta-learning for few-shot classification},
  author={Zhao, Chen and Li, Changbin and Li, Jincheng and Chen, Feng},
  booktitle={2020 IEEE International Conference on Knowledge Graph (ICKG)},
  pages={275--282},
  year={2020},
  organization={IEEE}
}

@incollection{NEURIPS2019_9015,
title = {PyTorch: An Imperative Style, High-Performance Deep Learning Library},
author = {Paszke, Adam and Gross, Sam and Massa, Francisco and Lerer, Adam and Bradbury, James and Chanan, Gregory and Killeen, Trevor and Lin, Zeming and Gimelshein, Natalia and Antiga, Luca and Desmaison, Alban and Kopf, Andreas and Yang, Edward and DeVito, Zachary and Raison, Martin and Tejani, Alykhan and Chilamkurthy, Sasank and Steiner, Benoit and Fang, Lu and Bai, Junjie and Chintala, Soumith},
booktitle = {Advances in Neural Information Processing Systems 32},
editor = {H. Wallach and H. Larochelle and A. Beygelzimer and F. d\textquotesingle Alch\'{e}-Buc and E. Fox and R. Garnett},
pages = {8024--8035},
year = {2019},
publisher = {Curran Associates, Inc.}
}

@inproceedings{finn2019online,
  title={Online Meta-Learning},
  author={Finn, Chelsea and Rajeswaran, Aravind and Kakade, Sham and Levine, Sergey},
  booktitle={International Conference on Machine Learning},
  pages={1920--1930},
  year={2019}
}

@inproceedings{zhao2021kdd,
    author = {Zhao, Chen and Chen, Feng and Thuraisingham, Bhavani},
    title = {Fairness-Aware Online Meta-Learning},
    year = {2021},
    isbn = {9781450383325},
    address = {New York, NY, USA},
    doi = {10.1145/3447548.3467389},
    booktitle = {Proceedings of the 27th ACM SIGKDD Conference on Knowledge Discovery &amp; Data Mining},
    pages = {2294–2304},
    numpages = {11}
}


@article{Chen2019ICLR,
    author = {Chen, Wei-Yu and Liu, Yen-Cheng and Kira, Zsolt and Wang, Yu-Chiang Frank and Huang, Jia-Bin},
    year = {2019},
    title = {A Closer Look at Few-shot Classification},
    journal = {International Conference on Learning Representations (ICLR)}
}

@article{dhillon2019baseline,
  title={A baseline for few-shot image classification},
  author={Dhillon, Guneet S and Chaudhari, Pratik and Ravichandran, Avinash and Soatto, Stefano},
  journal={arXiv preprint arXiv:1909.02729},
  year={2019}
}

@inproceedings{fallah2020convergence,
  title={On the convergence theory of gradient-based model-agnostic meta-learning algorithms},
  author={Fallah, Alireza and Mokhtari, Aryan and Ozdaglar, Asuman},
  booktitle={International Conference on Artificial Intelligence and Statistics},
  pages={1082--1092},
  year={2020},
  organization={PMLR}
}
@inproceedings{balcan2019provable,
  title={Provable guarantees for gradient-based meta-learning},
  author={Balcan, Maria-Florina and Khodak, Mikhail and Talwalkar, Ameet},
  booktitle={International Conference on Machine Learning},
  pages={424--433},
  year={2019},
  organization={PMLR}
}
@inproceedings{zhou2020meta,
  title={Meta-learning Symmetries by Reparameterization},
  author={Zhou, Allan and Knowles, Tom and Finn, Chelsea},
  booktitle={International Conference on Learning Representations},
  year={2021}
}

@article{schneider2020improving,
  title={Improving robustness against common corruptions by covariate shift adaptation},
  author={Schneider, Steffen and Rusak, Evgenia and Eck, Luisa and Bringmann, Oliver and Brendel, Wieland and Bethge, Matthias},
  journal={Advances in Neural Information Processing Systems},
  volume={33},
  year={2020}
}

@article{goldblum2020adversarially,
  title={Adversarially Robust Few-Shot Learning: A Meta-Learning Approach},
  author={Goldblum, Micah and Fowl, Liam and Goldstein, Tom},
  journal={Advances in Neural Information Processing Systems},
  volume={33},
  year={2020}
}
@article{jeong2020ood,
  title={OOD-MAML: Meta-learning for few-shot out-of-distribution detection and classification},
  author={Jeong, Taewon and Kim, Heeyoung},
  journal={Advances in Neural Information Processing Systems},
  volume={33},
  year={2020}
}