@inproceedings{ivanova2014adversarial,
  title={Adversarial cooperative path-finding: Complexity and algorithms},
  author={Ivanov{\'a}, Marika and Surynek, Pavel},
  booktitle={IEEE International Conference on Tools with Artificial Intelligence ׂ(ICTAI)},
  pages={75--82},
  year={2014}
}

@incollection{khatib1986real,
  title={Real-time obstacle avoidance for manipulators and mobile robots},
  author={Khatib, Oussama},
  booktitle={Autonomous Robot Vehicles},
  pages={396--404},
  year={1986},
  publisher={Springer}
}

@inproceedings{wagner2012probabilistic,
  title={Probabilistic path planning for multiple robots with subdimensional expansion},
  author={Wagner, Glenn and Kang, Minsu and Choset, Howie},
  booktitle={IEEE International Conference on Robotics and Automation ({ICRA})},
  pages={2886--2892},
  year={2012}
}

@inproceedings{phillips2011sipp,
  title={{SIPP}: Safe interval path planning for dynamic environments},
  author={Phillips, Mike and Likhachev, Maxim},
  booktitle={IEEE International Conference on Robotics and Automation (ICRA)},
  pages={5628--5635},
  year={2011}
}

@inproceedings{boyarski2015icbs,
  title={{ICBS}: improved conflict-based search algorithm for multi-agent pathfinding},
  author={Boyarski, Eli and Felner, Ariel and Stern, Roni and Sharon, Guni and Tolpin, David and Betzalel, Oded and Shimony, Eyal},
  booktitle={International Joint Conference on Artificial Intelligence (IJCAI)},
  year={2015}
}


@article{martin2018experimenting,
  author = {Gebser, Martin and Obermeier, Philipp and Otto, Thomas and Schaub, Torsten and Sabuncu, Orkunt and Nguyen, Van and Son, Tran Cao},
  title = {Experimenting with robotic intra-logistics domains},
  journal = {Theory and Practice of Logic Programming ({TPLP})},
  volume = {18},
  number = {3-4},
  pages = {502--519},
  year = {2018}
}

@inproceedings{DBLP:conf/socs/CohenUK15,
  author    = {Liron Cohen and
               Tansel Uras and
               Sven Koenig},
  title     = {Feasibility Study: Using Highways for Bounded-Suboptimal Multi-Agent
               Path Finding},
  booktitle = {Symposium on Combinatorial Search,
               ({SOCS})},
  pages     = {2--8},
  year      = {2015}
}

@article{dresner2008multiagent,
  title={A multiagent approach to autonomous intersection management},
  author={Dresner, Kurt and Stone, Peter},
  journal={Journal of Artificial Intelligence Research ({JAIR})},
  volume={31},
  pages={591--656},
  year={2008}
}

@inproceedings{honig2017summary,
  title={Summary: multi-agent path finding with kinematic constraints},
  author={H{\"o}nig, Wolfgang and Kumar, TK and Cohen, Liron and Ma, Hang and Xu, Hong and Ayanian, Nora and Koenig, Sven},
  booktitle={International Joint Conference on Artificial Intelligence ({IJCAI})},
  pages={4869--4873},
  year={2017}
}

@inproceedings{gilboa2006distributed,
  author    = {Arnon Gilboa and
               Amnon Meisels and
               Ariel Felner},
  title     = {Distributed navigation in an unknown physical environment},
	booktitle = {International Conference on Autonomous Agents and Multi Agent Systems ({AAMAS})},
  pages     = {553--560},
  year      = {2006}
}

@article{honig2018trajectory,
  title={Trajectory planning for quadrotor swarms},
  author={H{\"o}nig, Wolfgang and Preiss, James A and Kumar, TK Satish and Sukhatme, Gaurav S and Ayanian, Nora},
  journal={IEEE Transactions on Robotics},
  volume={34},
  number={4},
  pages={856--869},
  year={2018},
  publisher={IEEE}
}


@inproceedings{wagner2017path,
  title={Path planning for multiple agents under uncertainty},
  author={Wagner, Glenn and Choset, Howie},
  booktitle={International Conference on Automated Planning and Scheduling (ICAPS)},
  year={2017}
}

@article{barel2017come,
  title={COME TOGETHER: Multi-Agent Geometric Consensus},
  author={Barel, Ariel and Manor, Rotem and Bruckstein, Alfred M},
  year={2017}, 
  journal={arXiv preprint arXiv:1902.01455},
}



@article{redacted2019generalizing,
  author    = {Redacted, Author},
  title     = {Generalizing Conflict-Based Search For Multi-Agent Pathfinidng in Complex Domains},
  journal   = {TBD},
  year      = {2019}
}

@inproceedings{stump2011visibility,
  title={Visibility-based deployment of robot formations for communication maintenance},
  author={Stump, Ethan and Michael, Nathan and Kumar, Vijay and Isler, Volkan},
  booktitle={IEEE International Conference on Robotics and Automation (ICRA)},
  pages={4498--4505},
  year={2011}
}

@article{sturtevant2012benchmarks,
  title={Benchmarks for grid-based pathfinding},
  author={Sturtevant, Nathan R},
  journal={IEEE Transactions on Computational Intelligence and AI in Games},
  volume={4},
  number={2},
  pages={144--148},
  year={2012},
  publisher={IEEE}
}

@inproceedings{atzmon2018robust,
  title={Robust Multi-Agent Path Finding},
  author={Atzmon, Dor and Stern, Roni and Felner, Ariel and Wagner, Glenn and Bart{\'a}k, Roman and Zhou, Neng-Fa},
	booktitle = {International Conference on Autonomous Agents and Multi Agent Systems ({AAMAS})},
  pages={1862--1864},
  year={2018}
}


@inproceedings{rivera2017grid,
  title={Grid Pathfinding on the 2k Neighborhoods.},
  author={Rivera, Nicolas and Hern{\'a}ndez, Carlos and Baier, Jorge A},
  booktitle = {{AAAI} Conference on Artificial Intelligence},
  pages={891--897},
  year={2017}
}

@inproceedings{MaAAAI19a,
	author = {H. Ma and D. Harabor and P. J. Stuckey and J. Li and S. Koenig},
	title = {Searching with Consistent Prioritization for Multi-Agent Path Finding},
	booktitle = {{AAAI} Conference on Artificial Intelligence},
	year = 2019
}

@inproceedings{yakovlev2017any,
  author    = {Konstantin Yakovlev and
               Anton Andreychuk},
  title     = {Any-Angle Pathfinding for Multiple Agents Based on {SIPP} Algorithm},
  booktitle = {International Conference on Automated
               Planning and Scheduling ({ICAPS})},
  pages     = {586},
  year      = {2017}
}


@inproceedings{andreychuk2019continuous,
  author    = {Anton Andreychuk, 
                Konstantin Yakovlev,
                Dor Atzmon, 
                Roni Stern},
  title     = {Multi-Agent Pathfinding with Continuous Time},  
  booktitle = {International Joint Conference on Artificial Intelligence ({IJCAI})},
  pages     = {to appear},
  year      = {2019}
}

@inproceedings{walker17hierarchical,
  author    = {Thayne T. Walker and David Chan and Nathan R. Sturtevant},
  title     = {Using Hierarchical Constraints to Avoid Conflicts in Multi-Agent Pathfinding},
  booktitle = {International Conference on Automated Planning and Scheduling  (ICAPS)},
  year      = {2017},
  url = { http://www.cs.du.edu/~sturtevant/papers/walker2017hierarchical.pdf },
}

@inproceedings{walker2018extended,
  author    = {Thayne T. Walker and
               Nathan R. Sturtevant and
               Ariel Felner},
  title     = {Extended Increasing Cost Tree Search for Non-Unit Cost Domains},
  booktitle = {International Joint Conference on Artificial Intelligence ({IJCAI})},
  pages     = {534--540},
  year      = {2018},
}

@INPROCEEDINGS{bartak2017modeling, 
author={R. Barták and N. Zhou and R. Stern and E. Boyarski and P. Surynek}, 
booktitle={IEEE International Conference on Tools with Artificial Intelligence (ICTAI)}, 
title={Modeling and Solving the Multi-agent Pathfinding Problem in Picat}, 
year={2017},
pages={959-966}
}


@inproceedings{bartak2018aScheduling, author = {Bart\'{a}k, Roman and \v{S}vancara, Ji?\'{\i} and Vlk, Marek},
 title = {A Scheduling-Based Approach to Multi-Agent Path Finding with Weighted and Capacitated Arcs},
	booktitle = {International Conference on Autonomous Agents and Multi Agent Systems ({AAMAS})},
 year = {2018}
} 


@inproceedings{surynek2016empirical,
  title={An empirical comparison of the hardness of multi-agent path finding under the makespan and the sum of costs objectives},
  author={Surynek, Pavel and Felner, Ariel and Stern, Roni and Boyarski, Eli},
  booktitle={Symposium on Combinatorial Search ({SoCS})},
  year={2016}
}

@article{ma2017buzz,
  author    = {Hang Ma and
               Sven Koenig},
  title     = {{AI} buzzwords explained: multi-agent path finding {(MAPF)}},
  journal   = {{AI} Matters},
  volume    = {3},
  number    = {3},
  pages     = {15--19},
  year      = {2017}
}

@inproceedings{ma2016optimal,
	author = {Hang Ma and Sven Koenig},
	title = {Optimal Target Assignment and Path Finding for Teams of Agents},
	booktitle = {International Conference on Autonomous Agents and Multi Agent Systems ({AAMAS})},
	pages = {1144--1152},
	year = 2016
}

@inproceedings{standley2010finding,
  title={Finding Optimal Solutions to Cooperative Pathfinding Problems},
  author={Standley, Trevor Scott},
  	booktitle = {{AAAI} Conference on Artificial Intelligence},
  year={2010},
  pages = {173--178}
}

@inproceedings{MaAAAI19b,
	author = {Hang Ma and Wolfgang H\"{o}nig and T. K. Satish Kumar and Nora Ayanian and Sven Koenig},
	title = {Lifelong Path Planning with Kinematic Constraints for Multi-Agent Pickup and Delivery},
	booktitle = {{AAAI} Conference on Artificial Intelligence},
	year = 2019
}

@inproceedings{li2019multi,
  title={Multi-Agent Path Finding for Large Agents},
  author = {Jiaoyang Li and Pavel Surynek and Ariel Felner and Hang Ma. and T. K. Satish Kumar and Sven Koenig},
  booktitle = {{AAAI} Conference on Artificial Intelligence},
  year = 2019
}


@inproceedings{svancara2019online,
  title={Online Multi-Agent Pathfinding},
  author={\v{S}vancara, Ji?\'{\i} and Vlk, Marek and Roni Stern and Atzmon, Dor and Bart\'{a}k, Roman},
  booktitle = {{AAAI} Conference on Artificial Intelligence},
  year={2019}
}


@inproceedings{felner2017search,
  title={Search-Based Optimal Solvers for the Multi-Agent Pathfinding Problem: Summary and Challenges.},
  author={Felner, Ariel and Stern, Roni and Shimony, Solomon Eyal and Boyarski, Eli and Goldenberg, Meir and Sharon, Guni and Sturtevant, Nathan R and Wagner, Glenn and Surynek, Pavel},
  booktitle={Symposium on Combinatorial Search ({SoCS})},
  pages={29--37},
  year={2017}
}

@article{solovey2014k,
  title={K-Color Multi-Robot Motion Planning},
  author={Solovey, Kiril and Halperin, Dan},
  journal={International Journal of Robotics Research},
  volume={33},
  number={1},
  pages={82--97},
  year={2014}
}

@incollection{yu2013multi,
  title={Multi-agent path planning and network flow},
  author={Yu, Jingjin and LaValle, Steven M},
  booktitle={Algorithmic Foundations of Robotics X},
  pages={157--173},
  year={2013},
  publisher={Springer}
}

@inproceedings{MaAAMAS17,
	author = {Hang Ma and Jiaoyang Li and T. K. Satish Kumar and Sven Koenig},
	title = {Lifelong Multi-Agent Path Finding for Online Pickup and Delivery Tasks},
	booktitle = {International Conference on Autonomous Agents and Multi Agent Systems ({AAMAS})},
	pages = {837--845},
	year = 2017
}

@inproceedings{MaAAAI17,
	author = {Hang Ma and T. K. Satish Kumar and Sven Koenig},
	title = {Multi-Agent Path Finding with Delay Probabilities},
	booktitle = {{AAAI} Conference on Artificial Intelligence},
	pages = {3605--3612},
	year = 2017
}

@inproceedings{MaIJCAI18,
	author = {Hang Ma and Glenn Wagner and Ariel Felner and Jiaoyang Li and T. K. Satish Kumar and Sven Koenig},
	title = {Multi-Agent Path Finding with Deadlines},
	booktitle = {International Joint Conference on Artificial Intelligence},
	pages = {417--423},
	year = 2018
}

@article{kloder2006path,
  title={Path planning for permutation-invariant multirobot formations},
  author={Kloder, Stephen and Hutchinson, Seth},
  journal={IEEE Transactions on Robotics},
  volume={22},
  number={4},
  pages={650--665},
  year={2006},
  publisher={IEEE}
}

@article{thomas2015extended,
  title={Extended conflict-based search for the convoy movement problem},
  author={Thomas, Shyni and Deodhare, Dipti and Murty, M Narasimha},
  journal={IEEE Intelligent Systems},
  volume={30},
  number={6},
  pages={60--70},
  year={2015},
  publisher={IEEE}
}

@inproceedings{CKUXAK:IJCAI:16,
  author    = {Liron Cohen and T. K. Satish Kumar and Tansel Uras and Hong Xu and Nora Ayanian and Sven Koenig},
  title     = {Improved Bounded-Suboptimal Multi-Agent Path Finding Solvers},
  booktitle = {International Joint Conference on Artificial Intelligence},
  year      = {2016},
}

@inproceedings{cohen2018anytime,
  author    = {Liron Cohen and Matias Greco and Hang Ma and Carlos Hernandez and Ariel Felner and Sven Koenig and T.K.Satish Kumar},
  title     = {Anytime Focal Search with Applications},
  booktitle = {International Joint Conference on Artificial Intelligence ({IJCAI})},
  year      = {2018},
  pages = {1434--1441}
}

@inproceedings{CWKKCS:AAMAS:18,
  author    = {Liron Cohen and Glenn Wagner and David Chan and Howie Choset and Nathan Sturtevant and Sven Koenig and T.K.Satish Kumar},
  title     = {Rapid Randomized Restarts for Multi-Agent Path Finding: Preliminary Results},
	booktitle = {International Conference on Autonomous Agents and Multi Agent Systems ({AAMAS})},
  year      = {2018},
}

@inproceedings{CUK:SOCS:15,
  title={Feasibility Study: Using Highways for Bounded-Suboptimal Multi-Agent Path Finding},
  author={Liron Cohen and Tansel Uras and Sven Koenig},
  booktitle={Symposium on Combinatorial Search ({SoCS})},
  year={2015}
}

@inproceedings{MaAAAI16,
	author = {Hang Ma and Craig Tovey and Guni Sharon and T. K. Satish Kumar and Sven Koenig},
	title = {Multi-Agent Path Finding with Payload Transfers and the Package-Exchange Robot-Routing Problem},
	booktitle = {{AAAI} Conference on Artificial Intelligence},
	pages = {3166--3173},
	year = 2016
}

@inproceedings{BartakIBERAMIA18,
  author    = {Roman Bart{\'{a}}k and
               Jir{\'{\i}} \v{S}vancara and
               V\v{e}ra \v{S}kopkov{\'{a}} and
               David Nohejl},
  title     = {Multi-agent Path Finding on Real Robots: First Experience with Ozobots},
  booktitle = {Ibero-American Conference on AI ({IBERAMIA})},
  pages     = {290--301},
  year      = {2018}
}