@article{zhang2021federated,
  title={Federated Graph Learning--A Position Paper},
  author={Zhang, Huanding and Shen, Tao and Wu, Fei and Yin, Mingyang and Yang, Hongxia and Wu, Chao},
  journal={arXiv preprint arXiv:2105.11099},
  year={2021}
}

@article{yang2019federated,
  title={Federated machine learning: Concept and applications},
  author={Yang, Qiang and Liu, Yang and Chen, Tianjian and Tong, Yongxin},
  journal={ACM Transactions on Intelligent Systems and Technology (TIST)},
  volume={10},
  number={2},
  pages={1--19},
  year={2019},
  publisher={ACM New York, NY, USA}
}

@article{liu2022federated,
  title={Federated Graph Neural Networks: Overview, Techniques and Challenges},
  author={Liu, Rui and Yu, Han},
  journal={arXiv preprint arXiv:2202.07256},
  year={2022}
}

@article{scarselli2008graph,
  title={The graph neural network model},
  author={Scarselli, Franco and Gori, Marco and Tsoi, Ah Chung and Hagenbuchner, Markus and Monfardini, Gabriele},
  journal={IEEE transactions on neural networks},
  volume={20},
  number={1},
  pages={61--80},
  year={2008},
  publisher={IEEE}
}

@article{kipf2016semi,
  title={Semi-supervised classification with graph convolutional networks},
  author={Kipf, Thomas N and Welling, Max},
  journal={arXiv preprint arXiv:1609.02907},
  year={2016}
}

@article{tan2022towards,
  title={Towards personalized federated learning},
  author={Tan, Alysa Ziying and Yu, Han and Cui, Lizhen and Yang, Qiang},
  journal={IEEE Transactions on Neural Networks and Learning Systems},
  year={2022},
  publisher={IEEE}
}

@misc{he2021fedgraphnn,
      title={FedGraphNN: A Federated Learning System and Benchmark for Graph Neural Networks}, 
      author={Chaoyang He and Keshav Balasubramanian and Emir Ceyani and Carl Yang and Han Xie and Lichao Sun and Lifang He and Liangwei Yang and Philip S. Yu and Yu Rong and Peilin Zhao and Junzhou Huang and Murali Annavaram and Salman Avestimehr},
      year={2021},
      eprint={2104.07145},
      archivePrefix={arXiv},
      primaryClass={cs.LG}
}

@article{wang2020graphfl,
  title={Graphfl: A federated learning framework for semi-supervised node classification on graphs},
  author={Wang, Binghui and Li, Ang and Li, Hai and Chen, Yiran},
  journal={arXiv preprint arXiv:2012.04187},
  year={2020}
}

@inproceedings{finn2017model,
  title={Model-agnostic meta-learning for fast adaptation of deep networks},
  author={Finn, Chelsea and Abbeel, Pieter and Levine, Sergey},
  booktitle={International conference on machine learning},
  pages={1126--1135},
  year={2017},
  organization={PMLR}
}


@article{zhou2020vertically,
  title={Vertically federated graph neural network for privacy-preserving node classification},
  author={Zhou, Jun and Chen, Chaochao and Zheng, Longfei and Wu, Huiwen and Wu, Jia and Zheng, Xiaolin and Wu, Bingzhe and Liu, Ziqi and Wang, Li},
  journal={arXiv preprint arXiv:2005.11903},
  year={2020}
}

@article{dwork2014algorithmic,
  title={The algorithmic foundations of differential privacy},
  author={Dwork, Cynthia and Roth, Aaron and others},
  journal={Foundations and Trends{\textregistered} in Theoretical Computer Science},
  volume={9},
  number={3--4},
  pages={211--407},
  year={2014},
  publisher={Now Publishers, Inc.}
}

@article{xie2021federated,
  title={Federated graph classification over non-iid graphs},
  author={Xie, Han and Ma, Jing and Xiong, Li and Yang, Carl},
  journal={Advances in Neural Information Processing Systems},
  volume={34},
  pages={18839--18852},
  year={2021}
}

@inproceedings{caldarola2021cluster,
  title={Cluster-driven graph federated learning over multiple domains},
  author={Caldarola, Debora and Mancini, Massimiliano and Galasso, Fabio and Ciccone, Marco and Rodol{\`a}, Emanuele and Caputo, Barbara},
  booktitle={Proceedings of the IEEE/CVF Conference on Computer Vision and Pattern Recognition},
  pages={2749--2758},
  year={2021}
}

@inproceedings{wang2022lifelong,
  title={Lifelong graph learning},
  author={Wang, Chen and Qiu, Yuheng and Gao, Dasong and Scherer, Sebastian},
  booktitle={Proceedings of the IEEE/CVF Conference on Computer Vision and Pattern Recognition},
  pages={13719--13728},
  year={2022}
}

@inproceedings{chiang2019cluster,
  title={Cluster-gcn: An efficient algorithm for training deep and large graph convolutional networks},
  author={Chiang, Wei-Lin and Liu, Xuanqing and Si, Si and Li, Yang and Bengio, Samy and Hsieh, Cho-Jui},
  booktitle={Proceedings of the 25th ACM SIGKDD international conference on knowledge discovery \& data mining},
  pages={257--266},
  year={2019}
}

@article{zeng2019graphsaint,
  title={Graphsaint: Graph sampling based inductive learning method},
  author={Zeng, Hanqing and Zhou, Hongkuan and Srivastava, Ajitesh and Kannan, Rajgopal and Prasanna, Viktor},
  journal={arXiv preprint arXiv:1907.04931},
  year={2019}
}

@inproceedings{luo2020learning,
  title={Learning from the past: Continual meta-learning with Bayesian graph neural networks},
  author={Luo, Yadan and Huang, Zi and Zhang, Zheng and Wang, Ziwei and Baktashmotlagh, Mahsa and Yang, Yang},
  booktitle={Proceedings of the AAAI Conference on Artificial Intelligence},
  volume={34},
  number={04},
  pages={5021--5028},
  year={2020}
}

@article{baek2022personalized,
  title={Personalized Subgraph Federated Learning},
  author={Baek, Jinheon and Jeong, Wonyong and Jin, Jiongdao and Yoon, Jaehong and Hwang, Sung Ju},
  journal={arXiv preprint arXiv:2206.10206},
  year={2022}
}

@article{han2020graph,
  title={Graph neural networks with continual learning for fake news detection from social media},
  author={Han, Yi and Karunasekera, Shanika and Leckie, Christopher},
  journal={arXiv preprint arXiv:2007.03316},
  year={2020}
}

@inproceedings{manu2021fl,
  title={FL-DISCO: Federated Generative Adversarial Network for Graph-based Molecule Drug Discovery: Special Session Paper},
  author={Manu, Daniel and Sheng, Yi and Yang, Junhuan and Deng, Jieren and Geng, Tong and Li, Ang and Ding, Caiwen and Jiang, Weiwen and Yang, Lei},
  booktitle={2021 IEEE/ACM International Conference On Computer Aided Design (ICCAD)},
  pages={1--7},
  year={2021},
  organization={IEEE}
}

@article{suzumura2019towards,
  title={Towards federated graph learning for collaborative financial crimes detection},
  author={Suzumura, Toyotaro and Zhou, Yi and Baracaldo, Natahalie and Ye, Guangnan and Houck, Keith and Kawahara, Ryo and Anwar, Ali and Stavarache, Lucia Larise and Watanabe, Yuji and Loyola, Pablo and others},
  journal={arXiv preprint arXiv:1909.12946},
  year={2019}
}

@article{thakur2021dynamic,
  title={Dynamic Neural Graphs Based Federated Reptile for Semi-supervised Multi-Tasking in Healthcare Applications},
  author={Thakur, Anshul and Sharma, Pulkit and Clifton, David A},
  journal={IEEE Journal of Biomedical and Health Informatics},
  volume={26},
  number={4},
  pages={1761--1772},
  year={2021},
  publisher={IEEE}
}

@article{liu2022federatedsocial,
  title={Federated social recommendation with graph neural network},
  author={Liu, Zhiwei and Yang, Liangwei and Fan, Ziwei and Peng, Hao and Yu, Philip S},
  journal={ACM Transactions on Intelligent Systems and Technology (TIST)},
  volume={13},
  number={4},
  pages={1--24},
  year={2022},
  publisher={ACM New York, NY}
}

@inproceedings{meng2021cross,
  title={Cross-node federated graph neural network for spatio-temporal data modeling},
  author={Meng, Chuizheng and Rambhatla, Sirisha and Liu, Yan},
  booktitle={Proceedings of the 27th ACM SIGKDD Conference on Knowledge Discovery \& Data Mining},
  pages={1202--1211},
  year={2021}
}

@article{jiang2020federated,
  title={Federated dynamic gnn with secure aggregation},
  author={Jiang, Meng and Jung, Taeho and Karl, Ryan and Zhao, Tong},
  journal={arXiv preprint arXiv:2009.07351},
  year={2020}
}
@article{xie2020multi,
  title={Multi-center federated learning},
  author={Xie, Ming and Long, Guodong and Shen, Tao and Zhou, Tianyi and Wang, Xianzhi and Jiang, Jing and Zhang, Chengqi},
  journal={arXiv preprint arXiv:2005.01026},
  year={2020}
}

@article{long2022multi,
  title={Multi-center federated learning: clients clustering for better personalization},
  author={Long, Guodong and Xie, Ming and Shen, Tao and Zhou, Tianyi and Wang, Xianzhi and Jiang, Jing},
  journal={World Wide Web},
  pages={1--20},
  year={2022},
  publisher={Springer}
}

@article{zhang2021subgraph,
  title={Subgraph federated learning with missing neighbor generation},
  author={Zhang, Ke and Yang, Carl and Li, Xiaoxiao and Sun, Lichao and Yiu, Siu Ming},
  journal={Advances in Neural Information Processing Systems},
  volume={34},
  pages={6671--6682},
  year={2021}
}

@inproceedings{gong2021ensemble,
  title={Ensemble attention distillation for privacy-preserving federated learning},
  author={Gong, Xuan and Sharma, Abhishek and Karanam, Srikrishna and Wu, Ziyan and Chen, Terrence and Doermann, David and Innanje, Arun},
  booktitle={Proceedings of the IEEE/CVF International Conference on Computer Vision},
  pages={15076--15086},
  year={2021}
}

@article{hamilton2017inductive,
  title={Inductive representation learning on large graphs},
  author={Hamilton, Will and Ying, Zhitao and Leskovec, Jure},
  journal={Advances in neural information processing systems},
  volume={30},
  year={2017}
}

@article{wang2019attributed,
  title={Attributed graph clustering: A deep attentional embedding approach},
  author={Wang, Chun and Pan, Shirui and Hu, Ruiqi and Long, Guodong and Jiang, Jing and Zhang, Chengqi},
  journal={arXiv preprint arXiv:1906.06532},
  year={2019}
}

@article{tsitsulin2020graph,
  title={Graph clustering with graph neural networks},
  author={Tsitsulin, Anton and Palowitch, John and Perozzi, Bryan and M{\"u}ller, Emmanuel},
  journal={arXiv preprint arXiv:2006.16904},
  year={2020}
}

@article{velickovic2019deep,
    title={Deep Graph Infomax.},
    author={Velickovic, Petar and Fedus, William and Hamilton, William L and Li{\`o}, Pietro and Bengio, Yoshua and Hjelm, R Devon},
    journal={ICLR (Poster)},
    volume={2},
    number={3},
    pages={4},
    year={2019}
}

@article{zhu2020deep,
  title={Deep graph contrastive representation learning},
  author={Zhu, Yanqiao and Xu, Yichen and Yu, Feng and Liu, Qiang and Wu, Shu and Wang, Liang},
  journal={arXiv preprint arXiv:2006.04131},
  year={2020}
}

@inproceedings{dettmers2018convolutional,
  title={Convolutional 2d knowledge graph embeddings},
  author={Dettmers, Tim and Minervini, Pasquale and Stenetorp, Pontus and Riedel, Sebastian},
  booktitle={Proceedings of the AAAI conference on artificial intelligence},
  volume={32},
  number={1},
  year={2018}
}

@inproceedings{toutanova2015observed,
  title={Observed versus latent features for knowledge base and text inference},
  author={Toutanova, Kristina and Chen, Danqi},
  booktitle={Proceedings of the 3rd workshop on continuous vector space models and their compositionality},
  pages={57--66},
  year={2015}
}
@techreport{mahdisoltani2014knowledge,
  title={A knowledge base from multilingual Wikipedias--yago3},
  author={Mahdisoltani, Farzane and Biega, Joanna and Suchanek, Fabian M},
  year={2014},
  institution={Technical report, Telecom ParisTech. http://suchanek. name/work/publications~…}
}

@article{li2020federated,
  title={Federated optimization in heterogeneous networks},
  author={Li, Tian and Sahu, Anit Kumar and Zaheer, Manzil and Sanjabi, Maziar and Talwalkar, Ameet and Smith, Virginia},
  journal={Proceedings of Machine learning and systems},
  volume={2},
  pages={429--450},
  year={2020}
}

@article{mccallum2000automating,
  title={Automating the construction of internet portals with machine learning},
  author={McCallum, Andrew Kachites and Nigam, Kamal and Rennie, Jason and Seymore, Kristie},
  journal={Information Retrieval},
  volume={3},
  number={2},
  pages={127--163},
  year={2000},
  publisher={Springer}
}

@inproceedings{giles1998citeseer,
  title={CiteSeer: An automatic citation indexing system},
  author={Giles, C Lee and Bollacker, Kurt D and Lawrence, Steve},
  booktitle={Proceedings of the third ACM conference on Digital libraries},
  pages={89--98},
  year={1998}
}

@inproceedings{han2022fedx,
  title={FedX: Unsupervised Federated Learning with Cross Knowledge Distillation},
  author={Han, Sungwon and Park, Sungwon and Wu, Fangzhao and Kim, Sundong and Wu, Chuhan and Xie, Xing and Cha, Meeyoung},
  booktitle={Computer Vision--ECCV 2022: 17th European Conference, Tel Aviv, Israel, October 23--27, 2022, Proceedings, Part XXX},
  pages={691--707},
  year={2022},
  organization={Springer}
}

@article{brandes2006maximizing,
  title={Maximizing modularity is hard},
  author={Brandes, Ulrik and Delling, Daniel and Gaertler, Marco and G{\"o}rke, Robert and Hoefer, Martin and Nikoloski, Zoran and Wagner, Dorothea},
  journal={arXiv preprint physics/0608255},
  year={2006}
}

@article{newman2006finding,
  title={Finding community structure in networks using the eigenvectors of matrices},
  author={Newman, Mark EJ},
  journal={Physical review E},
  volume={74},
  number={3},
  pages={036104},
  year={2006},
  publisher={APS}
}


@inproceedings{servetnyk2020unsupervised,
  title={Unsupervised federated learning for unbalanced data},
  author={Servetnyk, Mykola and Fung, Carrson C and Han, Zhu},
  booktitle={GLOBECOM 2020-2020 IEEE Global Communications Conference},
  pages={1--6},
  year={2020},
  organization={IEEE}
}

@article{kohonen1990self,
  title={The self-organizing map},
  author={Kohonen, Teuvo},
  journal={Proceedings of the IEEE},
  volume={78},
  number={9},
  pages={1464--1480},
  year={1990},
  publisher={IEEE}
}


@inproceedings{xie2016unsupervised,
  title={Unsupervised deep embedding for clustering analysis},
  author={Xie, Junyuan and Girshick, Ross and Farhadi, Ali},
  booktitle={International conference on machine learning},
  pages={478--487},
  year={2016},
  organization={PMLR}
}


@inproceedings{makhija2022architecture,
  title={Architecture agnostic federated learning for neural networks},
  author={Makhija, Disha and Han, Xing and Ho, Nhat and Ghosh, Joydeep},
  booktitle={International Conference on Machine Learning},
  pages={14860--14870},
  year={2022},
  organization={PMLR}
}

@inproceedings{kornblith2019similarity,
  title={Similarity of neural network representations revisited},
  author={Kornblith, Simon and Norouzi, Mohammad and Lee, Honglak and Hinton, Geoffrey},
  booktitle={International Conference on Machine Learning},
  pages={3519--3529},
  year={2019},
  organization={PMLR}
}

@article{zhong2022feddar,
  title={FedDAR: Federated Domain-Aware Representation Learning},
  author={Zhong, Aoxiao and He, Hao and Ren, Zhaolin and Li, Na and Li, Quanzheng},
  journal={arXiv preprint arXiv:2209.04007},
  year={2022}
}

@article{zhuang2021towards,
  title={Towards unsupervised domain adaptation for deep face recognition under privacy constraints via federated learning},
  author={Zhuang, Weiming and Gan, Xin and Wen, Yonggang and Zhang, Xuesen and Zhang, Shuai and Yi, Shuai},
  journal={arXiv preprint arXiv:2105.07606},
  year={2021}
}

@inproceedings{mcmahan2017communication,
  title={Communication-efficient learning of deep networks from decentralized data},
  author={McMahan, Brendan and Moore, Eider and Ramage, Daniel and Hampson, Seth and y Arcas, Blaise Aguera},
  booktitle={Artificial intelligence and statistics},
  pages={1273--1282},
  year={2017},
  organization={PMLR}
}

@inproceedings{collins2021exploiting,
  title={Exploiting shared representations for personalized federated learning},
  author={Collins, Liam and Hassani, Hamed and Mokhtari, Aryan and Shakkottai, Sanjay},
  booktitle={International Conference on Machine Learning},
  pages={2089--2099},
  year={2021},
  organization={PMLR}
}

@article{liu2022feature,
  title={Feature Correlation-guided Knowledge Transfer for Federated Self-supervised Learning},
  author={Liu, Yi and Guo, Song and Zhang, Jie and Zhou, Qihua and Wang, Yingchun and Zhao, Xiaohan},
  journal={arXiv preprint arXiv:2211.07364},
  year={2022}
}

@article{ma2022state,
  title={A state-of-the-art survey on solving non-IID data in Federated Learning},
  author={Ma, Xiaodong and Zhu, Jia and Lin, Zhihao and Chen, Shanxuan and Qin, Yangjie},
  journal={Future Generation Computer Systems},
  volume={135},
  pages={244--258},
  year={2022},
  publisher={Elsevier}
}

@article{karypis1997metis,
  title={METIS: Unstructured graph partitioning and sparse matrix ordering system},
  author={Karypis, George},
  journal={Technical report},
  year={1997},
  publisher={Department of Computer Science, University of Minnesota}
}

@inproceedings{he2015delving,
  title={Delving deep into rectifiers: Surpassing human-level performance on imagenet classification},
  author={He, Kaiming and Zhang, Xiangyu and Ren, Shaoqing and Sun, Jian},
  booktitle={Proceedings of the IEEE international conference on computer vision},
  pages={1026--1034},
  year={2015}
}

@inproceedings{yang2016revisiting,
  title={Revisiting semi-supervised learning with graph embeddings},
  author={Yang, Zhilin and Cohen, William and Salakhudinov, Ruslan},
  booktitle={International conference on machine learning},
  pages={40--48},
  year={2016},
  organization={PMLR}
}

@article{van1977theoretical,
  title={A theoretical basis for the use of co-occurrence data in information retrieval},
  author={Van Rijsbergen, Cornelis Joost},
  journal={Journal of documentation},
  year={1977},
  publisher={MCB UP Ltd}
}

@article{holland1983stochastic,
  title={Stochastic blockmodels: First steps},
  author={Holland, Paul W and Laskey, Kathryn Blackmond and Leinhardt, Samuel},
  journal={Social networks},
  volume={5},
  number={2},
  pages={109--137},
  year={1983},
  publisher={Elsevier}
}

@article{kingma2014adam,
  title={Adam: A method for stochastic optimization},
  author={Kingma, Diederik P and Ba, Jimmy},
  journal={arXiv preprint arXiv:1412.6980},
  year={2014}
}

@inproceedings{wagle2022embedding,
  title={Embedding Alignment for Unsupervised Federated Learning via Smart Data Exchange},
  author={Wagle, Satyavrat and Hosseinalipour, Seyyedali and Khosravan, Naji and Chiang, Mung and Brinton, Christopher G},
  booktitle={GLOBECOM 2022-2022 IEEE Global Communications Conference},
  pages={492--497},
  year={2022},
  organization={IEEE}
}

@inproceedings{tao2022semigraphfl,
  title={SemiGraphFL: Semi-supervised Graph Federated Learning for Graph Classification},
  author={Tao, Ye and Li, Ying and Wu, Zhonghai},
  booktitle={Parallel Problem Solving from Nature--PPSN XVII: 17th International Conference, PPSN 2022, Dortmund, Germany, September 10--14, 2022, Proceedings, Part I},
  pages={474--487},
  year={2022},
  organization={Springer}
}

@inproceedings{yu2023turning,
  title={Turning the curse of heterogeneity in federated learning into a blessing for out-of-distribution detection},
  author={Yu, Shuyang and Hong, Junyuan and Wang, Haotao and Wang, Zhangyang and Zhou, Jiayu},
  booktitle={The Eleventh International Conference on Learning Representations},
  year={2023}
}

@article{li2020federated2,
  title={Federated learning: Challenges, methods, and future directions},
  author={Li, Tian and Sahu, Anit Kumar and Talwalkar, Ameet and Smith, Virginia},
  journal={IEEE signal processing magazine},
  volume={37},
  number={3},
  pages={50--60},
  year={2020},
  publisher={IEEE}
}

@article{sen2008collective,
  title={Collective classification in network data},
  author={Sen, Prithviraj and Namata, Galileo and Bilgic, Mustafa and Getoor, Lise and Galligher, Brian and Eliassi-Rad, Tina},
  journal={AI magazine},
  volume={29},
  number={3},
  pages={93--93},
  year={2008}
}

@article{watts1998collective,
  title={Collective dynamics of ‘small-world’networks},
  author={Watts, Duncan J and Strogatz, Steven H},
  journal={nature},
  volume={393},
  number={6684},
  pages={440--442},
  year={1998},
  publisher={Nature Publishing Group}
}


@article{truong2021privacy,
  title={Privacy preservation in federated learning: An insightful survey from the GDPR perspective},
  author={Truong, Nguyen and Sun, Kai and Wang, Siyao and Guitton, Florian and Guo, YiKe},
  journal={Computers \& Security},
  volume={110},
  pages={102402},
  year={2021},
  publisher={Elsevier}
}

@misc{connected2022velicovic,
  doi = {10.48550/ARXIV.2301.08210},
  url = {https://arxiv.org/abs/2301.08210},
  author = {Veličković, Petar},
  keywords = {Machine Learning (cs.LG), Artificial Intelligence (cs.AI), Social and Information Networks (cs.SI), Machine Learning (stat.ML), FOS: Computer and information sciences, FOS: Computer and information sciences},
  title = {Everything is Connected: Graph Neural Networks},
  publisher = {arXiv},
  year = {2023},
}

@article{chen2020graph,
  title={Graph representation learning: a survey},
  author={Chen, Fenxiao and Wang, Yun-Cheng and Wang, Bin and Kuo, C-C Jay},
  journal={APSIPA Transactions on Signal and Information Processing},
  volume={9},
  pages={e15},
  year={2020},
  publisher={Cambridge University Press}
}

@article{hamilton2017representation,
  title={Representation learning on graphs: Methods and applications},
  author={Hamilton, William L and Ying, Rex and Leskovec, Jure},
  journal={arXiv preprint arXiv:1709.05584},
  year={2017}
}

@article{chen2021fedgraph,
  title={Fedgraph: Federated graph learning with intelligent sampling},
  author={Chen, Fahao and Li, Peng and Miyazaki, Toshiaki and Wu, Celimuge},
  journal={IEEE Transactions on Parallel and Distributed Systems},
  volume={33},
  number={8},
  pages={1775--1786},
  year={2021},
  publisher={IEEE}
}

@article{zhang2020federated,
  title={Federated unsupervised representation learning},
  author={Zhang, Fengda and Kuang, Kun and You, Zhaoyang and Shen, Tao and Xiao, Jun and Zhang, Yin and Wu, Chao and Zhuang, Yueting and Li, Xiaolin},
  journal={arXiv preprint arXiv:2010.08982},
  year={2020}
}

@article{klambauer2017self,
  title={Self-normalizing neural networks},
  author={Klambauer, G{\"u}nter and Unterthiner, Thomas and Mayr, Andreas and Hochreiter, Sepp},
  journal={Advances in neural information processing systems},
  volume={30},
  year={2017}
}

@misc{ugle2023leeney,
  title={Uncertainty in GNN Learning Evaluations: The Importance of a Consistent Benchmark for Community Detection.},
  author={Leeney, William and McConville, Ryan},
  booktitle={Twelfth International Conference on Complex Networks & Their Applications},
  year={2023},
  organization={Springer},
  note="Forthcoming"
}

@inproceedings{nielsen2022mumin,
  title={Mumin: A large-scale multilingual multimodal fact-checked misinformation social network dataset},
  author={Nielsen, Dan S and McConville, Ryan},
  booktitle={Proceedings of the 45th International ACM SIGIR Conference on Research and Development in Information Retrieval},
  pages={3141--3153},
  year={2022}
}