@article{chalkiadakis2011computational,
  title={Computational aspects of cooperative game theory},
  author={Chalkiadakis, Georgios and Elkind, Edith and Wooldridge, Michael},
  journal={Synthesis Lectures on Artificial Intelligence and Machine Learning},
  volume={5},
  number={6},
  pages={1--168},
  year={2011},
  publisher={Morgan \& Claypool Publishers}
}

@article{gibbard1973manipulation,
  title={Manipulation of voting schemes: a general result},
  author={Gibbard, Allan},
  journal={Econometrica},
  volume={41},
  number={4},
  pages={587--601},
  year={1973}
}

@article{satterthwaite1975strategy,
  title={Strategy-proofness and Arrow's conditions: Existence and correspondence theorems for voting procedures and social welfare functions},
  author={Satterthwaite, Mark Allen},
  journal={Journal of economic theory},
  volume={10},
  number={2},
  pages={187--217},
  year={1975},
  publisher={Elsevier}
}

@incollection{conitzer2016barriers,
	author    = {Vincent Conitzer and
	Toby Walsh},
	editor    = {Felix Brandt and
	Vincent Conitzer and
	Ulle Endriss and
	J{\'{e}}r{\^{o}}me Lang and
	Ariel D. Procaccia},
	title     = {Barriers to Manipulation in Voting},
	booktitle = {Handbook of Computational Social Choice},
	pages     = {127--145},
	publisher = {Cambridge University Press},
	year      = {2016}
}

@inproceedings{skibski2016k,
  title={k-Coalitional Cooperative Games},
  author={Skibski, Oskar and Matejczyk, Szymon and Michalak, Tomasz P and Wooldridge, Michael and Yokoo, Makoto},
  booktitle={Proceedings of the 2016 International Conference on Autonomous Agents \& Multiagent Systems},
  pages={177--185},
  year={2016},
  organization={International Foundation for Autonomous Agents and Multiagent Systems}
}

@inproceedings{sless2014forming,
  title={Forming coalitions and facilitating relationships for completing tasks in social networks},
  author={Sless, Liat and Hazon, Noam and Kraus, Sarit and Wooldridge, Michael},
  booktitle={Proceedings of the 2014 international conference on Autonomous agents and multi-agent systems},
  pages={261--268},
  year={2014},
  organization={International Foundation for Autonomous Agents and Multiagent Systems}
}
@article{sless2018forming,
  title={Forming k coalitions and facilitating relationships in social networks},
  author={Sless, Liat and Hazon, Noam and Kraus, Sarit and Wooldridge, Michael},
  journal={Artificial Intelligence},
  volume={259},
  pages={217--245},
  year={2018},
  publisher={Elsevier}
}

@inproceedings{peters2016graphical,
  title={Graphical hedonic games of bounded treewidth},
  author={Peters, Dominik},
  booktitle={Thirtieth AAAI Conference on Artificial Intelligence},
  year={2016}
}

@article{alon2006splitting,
  title={Splitting digraphs},
  author={Alon, Noga},
  journal={Combinatorics, Probability and Computing},
  volume={15},
  number={6},
  pages={933--937},
  year={2006},
  publisher={Cambridge University Press}
}
@misc{alonhighschool,
 title={High School Coalitions},
 author={Alon, Noga},
 note={Accessed: 2019-01-19},
 howpublished = {\url{https://m.tau.ac.il/~nogaa/PDFS/coalition.pdf}},
 year={2019}
}

@article{stiebitz1996decomposing,
  title={Decomposing graphs under degree constraints},
  author={Stiebitz, Michael},
  journal={Journal of Graph Theory},
  volume={23},
  number={3},
  pages={321--324},
  year={1996},
  publisher={Wiley Online Library}
}

@article{bang2016finding,
  title={Finding good 2-partitions of digraphs II. Enumerable properties},
  author={Bang-Jensen, J{\o}rgen and Cohen, Nathann and Havet, Fr{\'e}d{\'e}ric},
  journal={Theoretical Computer Science},
  volume={640},
  pages={1--19},
  year={2016},
  publisher={Elsevier}
}

@article{aziz2013pareto,
  title={Pareto optimality in coalition formation},
  author={Aziz, Haris and Brandt, Felix and Harrenstein, Paul},
  journal={Games and Economic Behavior},
  volume={82},
  pages={562--581},
  year={2013},
  publisher={Elsevier}
}
@article{aziz2013computing,
  title={Computing desirable partitions in additively separable hedonic games},
  author={Aziz, Haris and Brandt, Felix and Seedig, Hans Georg},
  journal={Artificial Intelligence},
  volume={195},
  pages={316--334},
  year={2013},
  publisher={Elsevier}
}
@inproceedings{aziz2015welfare,
  title={Welfare maximization in fractional hedonic games},
  author={Aziz, Haris and Gaspers, Serge and Gudmundsson, Joachim and Mestre, Juli{\'a}n and Taubig, Hanjo},
  booktitle={Twenty-Fourth International Joint Conference on Artificial Intelligence},
  year={2015}
}

@incollection{bulucc2016recent,
  title={Recent advances in graph partitioning},
  author={Bulu{\c{c}}, Ayd{\i}n and Meyerhenke, Henning and Safro, Ilya and Sanders, Peter and Schulz, Christian},
  booktitle={Algorithm Engineering},
  pages={117--158},
  year={2016},
  publisher={Springer}
}

@inproceedings{branzei2009coalitional,
  title={Coalitional affinity games and the stability gap},
  author={Br{\^a}nzei, Simina and Larson, Kate},
  booktitle={Twenty-First International Joint Conference on Artificial Intelligence},
  year={2009}
}

@article{waxman2020maximizing,
  title={On Maximizing Egalitarian Value in K-coalitional Hedonic Games},
  author={Waxman, Naftali and Kraus, Sarit and Hazon, Noam},
  journal={arXiv preprint arXiv:2001.10772},
  year={2020}
}

@article{waxman2021manipulation,
  title={Manipulation of k-Coalitional Games on Social Networks},
  author={Waxman, Naftali and Hazon, Noam and Kraus, Sarit},
  journal={arXiv preprint arXiv:2105.09852},
  year={2021}
}

@inproceedings{elkind2016price,
  title={Price of Pareto optimality in hedonic games},
  author={Elkind, Edith and Fanelli, Angelo and Flammini, Michele},
  booktitle={Thirtieth AAAI Conference on Artificial Intelligence},
  year={2016}
}

@inproceedings{flammini2017strategyproof,
  title={Strategyproof mechanisms for additively separable hedonic games and fractional hedonic games},
  author={Flammini, Michele and Monaco, Gianpiero and Zhang, Qiang},
  booktitle={International Workshop on Approximation and Online Algorithms},
  pages={301--316},
  year={2017},
  organization={Springer}
}

@inproceedings{flammini2020strategyproof,
  title={Strategyproof Mechanisms for Friends and Enemies Games.},
  author={Flammini, Michele and Kodric, Bojana and Varricchio, Giovanna},
  booktitle={AAAI},
  pages={1950--1957},
  year={2020}
}

@article{wright2015mechanism,
  title={Mechanism design for team formation},
  author={Wright, Mason and Vorobeychik, Yevgeniy},
  journal={arXiv preprint arXiv:1501.00715},
  year={2015}
}

@article{rodriguez2009strategy,
  title={Strategy-proof coalition formation},
  author={Rodr{\'\i}guez-{\'A}lvarez, Carmelo},
  journal={International Journal of Game Theory},
  volume={38},
  number={3},
  pages={431--452},
  year={2009},
  publisher={Springer}
}

@techreport{dimitrov2004enemies,
  title={Enemies and friends in hedonic games: individual deviations, stability and manipulation},
  author={Dimitrov, Dinko and Sung, Shao Chin},
  year={2004},
  institution={Tilburg University, Center for Economic Research},
  number={111},
  type={Discussion paper:}
}



@inproceedings{vallee2014study,
  title={A study of sybil manipulations in hedonic games},
  author={Vall{\'e}e, Thibaut and Bonnet, Gr{\'e}gory and Zanuttini, Bruno and Bourdon, Fran{\c{c}}ois},
  booktitle={13th International Conference on Autonomous Agents and Multiagent Systems (AAMAS 2014)},
  pages={21--28},
  year={2014}
}

@article{bogomolnaia2002stability,
  title={The stability of hedonic coalition structures},
  author={Bogomolnaia, Anna and Jackson, Matthew O and others},
  journal={Games and Economic Behavior},
  volume={38},
  number={2},
  pages={201--230},
  year={2002},
  publisher={Citeseer}
}

@inproceedings{aziz2016computational,
  title={Computational Social Choice: Some Current and New Directions.},
  author={Aziz, Haris},
  booktitle={IJCAI},
  pages={4054--4057},
  year={2016}
}

@inproceedings{aziz2011stable,
  title={Stable partitions in additively separable hedonic games.},
  author={Aziz, Haris and Brandt, Felix and Seedig, Hans Georg},
  booktitle={AAMAS},
  volume={11},
  pages={183--190},
  year={2011}
}

@inproceedings{bachrach2013optimal,
  title={Optimal coalition structure generation in cooperative graph games},
  author={Bachrach, Yoram and Kohli, Pushmeet and Kolmogorov, Vladimir and Zadimoghaddam, Morteza},
  booktitle={Twenty-Seventh AAAI Conference on Artificial Intelligence},
  year={2013}
}

@article{bansal2004correlation,
  title={Correlation clustering},
  author={Bansal, Nikhil and Blum, Avrim and Chawla, Shuchi},
  journal={Machine learning},
  volume={56},
  number={1-3},
  pages={89--113},
  year={2004},
  publisher={Springer}
}

@article{charikar2005clustering,
  title={Clustering with qualitative information},
  author={Charikar, Moses and Guruswami, Venkatesan and Wirth, Anthony},
  journal={Journal of Computer and System Sciences},
  volume={71},
  number={3},
  pages={360--383},
  year={2005},
  publisher={Elsevier}
}