@inproceedings{kassab2015changing,
  title={The changing landscape of requirements engineering practices over the past decade},
  author={Kassab, Mohamad},
  booktitle={IEEE international workshop on empirical requirements engineering (EmpiRE)},
  pages={1--8},
  year={2015}
}

@inproceedings{rees2002feasible,
  title={A feasible user story tool for agile software development?},
  author={Rees, Michael J},
  booktitle={Asia-Pacific Software Engineering Conference},
  pages={22--30},
  year={2002},
  organization={IEEE}
}

@article{zilberstein1996using,
  title={Using anytime algorithms in intelligent systems},
  author={Zilberstein, Shlomo},
  journal={AI magazine},
  volume={17},
  number={3},
  pages={73},
  year={1996}
}

@article{dechter1985generalized,
  title={Generalized best-first search strategies and the optimality of A},
  author={Dechter, Rina and Pearl, Judea},
  journal={Journal of the ACM},
  volume={32},
  number={3},
  pages={505--536},
  year={1985},
  publisher={ACM}
}

@inproceedings{holte2019OnThe,
  title={On the Optimal Efficiency of Cost-Algebraic {A*}},
  author={Holte, Robert and Zilles, Sandra},
  booktitle={Thirty-Third {AAAI} Conference on Artificial Intelligence},
  year={2019}
}


@inproceedings{stern2014max,
  title={Max is more than min: Solving maximization problems with heuristic search},
  author={Stern, Roni and Kiesel, Scott and Puzis, Rami and Felner, Ariel and Ruml, Wheeler},
  booktitle={Symposium on Combinatorial Search ({SoCS})},
  year={2014}
}

@article{hart1968formal,
  title={A formal basis for the heuristic determination of minimum cost paths},
  author={Hart, Peter E and Nilsson, Nils J and Raphael, Bertram},
  journal={IEEE transactions on Systems Science and Cybernetics},
  volume={4},
  number={2},
  pages={100--107},
  year={1968},
  publisher={IEEE}
}

@inproceedings{Standley10,
  author    = {Trevor Scott Standley},
  title     = {Finding Optimal Solutions to Cooperative Pathfinding Problems},
  booktitle = {Proceedings of the Twenty-Fourth {AAAI} Conference on Artificial Intelligence,
               {AAAI} 2010, Atlanta, Georgia, USA, July 11-15, 2010},
  year      = {2010}
}

@inproceedings{AtzmonSFWBZ18,
  author    = {Dor Atzmon and
               Roni Stern and
               Ariel Felner and
               Glenn Wagner and
               Roman Bart{\'{a}}k and
               Neng{-}Fa Zhou},
  title     = {Robust Multi-Agent Path Finding},
  booktitle = {Proceedings of the Eleventh International Symposium on Combinatorial
               Search, {SOCS} 2018, Stockholm, Sweden - 14-15 July 2018},
  pages     = {2--9},
  year      = {2018}
}

@inproceedings{BolanderEMN18,
  author    = {Thomas Bolander and
               Thorsten Engesser and
               Robert Mattm{\"{u}}ller and
               Bernhard Nebel},
  title     = {Better Eager Than Lazy? How Agent Types Impact the Successfulness
               of Implicit Coordination},
  booktitle = {Principles of Knowledge Representation and Reasoning: Proceedings
               of the Sixteenth International Conference, {KR} 2018, Tempe, Arizona,
               30 October - 2 November 2018.},
  pages     = {445--453},
  year      = {2018}
}

@article{PalaciosG09,
  author    = {H{\'{e}}ctor Palacios and
               Hector Geffner},
  title     = {Compiling Uncertainty Away in Conformant Planning Problems with Bounded
               Width},
  journal   = {J. Artif. Intell. Res.},
  volume    = {35},
  pages     = {623--675},
  year      = {2009}
}

@inproceedings{FelnerLB00KK18,
  author    = {Ariel Felner and
               Jiaoyang Li and
               Eli Boyarski and
               Hang Ma and
               Liron Cohen and
               T. K. Satish Kumar and
               Sven Koenig},
  title     = {Adding Heuristics to Conflict-Based Search for Multi-Agent Path Finding},
  booktitle = {Proceedings of the Twenty-Eighth International Conference on Automated
               Planning and Scheduling, {ICAPS} 2018, Delft, The Netherlands, June
               24-29, 2018.},
  pages     = {83--87},
  year      = {2018}
  }

@inproceedings{SharonSFS12,
  author    = {Guni Sharon and
               Roni Stern and
               Ariel Felner and
               Nathan R. Sturtevant},
  title     = {Conflict-Based Search For Optimal Multi-Agent Path Finding},
  booktitle = {Proceedings of the Twenty-Sixth {AAAI} Conference on Artificial Intelligence,
               July 22-26, 2012, Toronto, Ontario, Canada.},
  year      = {2012}
  }

@article{HoffmannB06,
  author    = {J{\"{o}}rg Hoffmann and
               Ronen I. Brafman},
  title     = {Conformant planning via heuristic forward search: {A} new approach},
  journal   = {Artif. Intell.},
  volume    = {170},
  number    = {6-7},
  pages     = {507--541},
  year      = {2006}
}

@article{CimattiDMRS18,
  author    = {Alessandro Cimatti and
               Minh Do and
               Andrea Micheli and
               Marco Roveri and
               David E. Smith},
  title     = {Strong temporal planning with uncontrollable durations},
  journal   = {Artif. Intell.},
  volume    = {256},
  pages     = {1--34},
  year      = {2018}
  }

@inproceedings{0001KK17,
  author    = {Hang Ma and
               T. K. Satish Kumar and
               Sven Koenig},
  title     = {Multi-Agent Path Finding with Delay Probabilities},
  booktitle = {Proceedings of the Thirty-First AAAI Conference on Artificial Intelligence,
               February 4-9, 2017, San Francisco, California, {USA.}},
  pages     = {3605--3612},
  year      = {2017}
  }

@inproceedings{WurmanDM07,
  author    = {Peter R. Wurman and
               Raffaello D'Andrea and
               Mick Mountz},
  title     = {Coordinating Hundreds of Cooperative, Autonomous Vehicles in Warehouses},
  booktitle = {Proceedings of the Twenty-Second {AAAI} Conference on Artificial Intelligence,
               July 22-26, 2007, Vancouver, British Columbia, Canada},
  pages     = {1752--1760},
  year      = {2007}
  }

@inproceedings{Silver05,
  author    = {David Silver},
  title     = {Cooperative Pathfinding},
  booktitle = {Proceedings of the First Artificial Intelligence and Interactive Digital
               Entertainment Conference, June 1-5, 2005, Marina del Rey, California,
               {USA}},
  pages     = {117--122},
  year      = {2005}
}


@inproceedings{VelosoBCR15,
  author    = {Manuela M. Veloso and
               Joydeep Biswas and
               Brian Coltin and
               Stephanie Rosenthal},
  title     = {CoBots: Robust Symbiotic Autonomous Mobile Service Robots},
  booktitle = {Proceedings of the Twenty-Fourth International Joint Conference on
               Artificial Intelligence, {IJCAI} 2015, Buenos Aires, Argentina, July
               25-31, 2015},
  pages     = {4423},
  year      = {2015}
}

@inproceedings{MorrisPLMMKK16,
  author    = {Robert Morris and
               Corina S. Pasareanu and
               Kasper S{\o}e Luckow and
               Waqar Malik and
               Hang Ma and
               T. K. Satish Kumar and
               Sven Koenig},
  title     = {Planning, Scheduling and Monitoring for Airport Surface Operations},
  booktitle = {Planning for Hybrid Systems, Papers from the 2016 {AAAI} Workshop,
               Phoenix, Arizona, USA, February 13, 2016.},
  year      = {2016}
}

%%%%%%%%%%%%%%%%%%%%
@article{Graphplan,
	Author = {A.~Blum and M.~L.~Furst},
	Date-Added = {2017-11-01 19:56:32 +0000},
	Date-Modified = {2017-11-01 19:56:32 +0000},
	Journal = {Artificial Intelligence},
	Pages = {281--300},
	Title = {Fast planning through planning graph analysis},
	Volume = {90},
	Year = {1997}}

@inproceedings{BD06,
	Author = {Ronen I. Brafman and Carmel Domshlak},
	Bibsource = {DBLP, http://dblp.uni-trier.de},
	Booktitle = {AAAI},
	Date-Added = {2017-08-30 09:23:13 +0000},
	Date-Modified = {2017-08-30 09:23:21 +0000},
	Title = {Factored Planning: How, When, and When Not},
	Year = {2006}}

@article{MSS17,
	Author = {Shlomi Maliah and Guy Shani and Roni Stern},
	Bibsource = {dblp computer science bibliography, http://dblp.org},
	Biburl = {http://dblp.uni-trier.de/rec/bib/journals/aamas/MaliahSS17},
	Date-Added = {2017-08-30 08:58:08 +0000},
	Date-Modified = {2017-08-30 08:58:18 +0000},
	Doi = {10.1007/s10458-016-9333-9},
	Journal = {Autonomous Agents and Multi-Agent Systems},
	Number = {3},
	Pages = {493--530},
	Timestamp = {Sat, 20 May 2017 00:23:00 +0200},
	Title = {Collaborative privacy preserving multi-agent planning - Planners and heuristics},
	Url = {https://doi.org/10.1007/s10458-016-9333-9},
	Volume = {31},
	Year = {2017},
	Bdsk-Url-1 = {https://doi.org/10.1007/s10458-016-9333-9},
	Bdsk-Url-2 = {http://dx.doi.org/10.1007/s10458-016-9333-9}}

@article{NB14,
	Author = {Raz Nissim and Ronen I. Brafman},
	Bibsource = {dblp computer science bibliography, http://dblp.org},
	Biburl = {http://dblp.uni-trier.de/rec/bib/journals/jair/NissimB14},
	Date-Added = {2017-08-30 08:53:54 +0000},
	Date-Modified = {2017-08-30 08:54:15 +0000},
	Doi = {10.1613/jair.4295},
	Journal = {J. Artif. Intell. Res.},
	Pages = {293--332},
	Timestamp = {Wed, 21 Jun 2017 14:58:51 +0200},
	Title = {Distributed Heuristic Forward Search for Multi-agent Planning},
	Url = {https://doi.org/10.1613/jair.4295},
	Volume = {51},
	Year = {2014},
	Bdsk-Url-1 = {https://doi.org/10.1613/jair.4295},
	Bdsk-Url-2 = {http://dx.doi.org/10.1613/jair.4295}}

@inproceedings{BZ14,
	Author = {R. I. Brafman and U. Zoran},
	Booktitle = {Proc. of the 2nd ICAPS Workshop on Distributed and Multi-Agent Planning},
	Date-Added = {2017-08-30 08:49:34 +0000},
	Date-Modified = {2017-08-30 08:49:34 +0000},
	Title = {Distributed Heuristic Forward Search with Interacting Actions},
	Year = {2014}}

@article{STRIPS,
	Author = {R. E. Fikes and N. Nilsson},
	Date-Added = {2017-08-30 08:48:30 +0000},
	Date-Modified = {2017-08-30 08:48:38 +0000},
	Journal = {Aritificial Intelligence},
	Pages = {189-208},
	Title = {{STRIPS}: A New Approach to the Application of Theorem Proving to Problem Solving},
	Volume = {2},
	Year = {1971}}

@inproceedings{BB97,
	Author = {C. Boutilier and R.~I.~Brafman},
	Booktitle = {Proc. of the 14th National Conference on AI (AAAI '97)},
	Date-Added = {2017-08-30 08:46:42 +0000},
	Date-Modified = {2017-08-30 08:46:42 +0000},
	Pages = {720--726},
	Title = {Planning with Concurrent Interacting Actions},
	Year = {1997}}

@inproceedings{CJR14,
	Author = {Matthew Crosby and Anders Jonsson and Michael Rovatsos},
	Bibsource = {dblp computer science bibliography, http://dblp.org},
	Biburl = {http://dblp.uni-trier.de/rec/bib/conf/ecai/CrosbyJR14},
	Booktitle = {{ECAI} 2014 - 21st European Conference on Artificial Intelligence, 18-22 August 2014, Prague, Czech Republic - Including Prestigious Applications of Intelligent Systems {(PAIS} 2014)},
	Date-Added = {2017-08-30 08:45:20 +0000},
	Date-Modified = {2017-08-30 08:45:39 +0000},
	Doi = {10.3233/978-1-61499-419-0-237},
	Pages = {237--242},
	Timestamp = {Thu, 11 Sep 2014 16:14:08 +0200},
	Title = {A Single-Agent Approach to Multiagent Planning},
	Url = {http://dx.doi.org/10.3233/978-1-61499-419-0-237},
	Year = {2014},
	Bdsk-Url-1 = {http://dx.doi.org/10.3233/978-1-61499-419-0-237}}

@article{Poole97,
	Author = {D.~Poole},
	Date-Added = {2017-08-28 13:36:16 +0000},
	Date-Modified = {2017-08-28 13:36:16 +0000},
	Journal = {Artificial Intelligence},
	Number = {1-2},
	Pages = {7-56},
	Title = {The Independent Choice Logic for Modelling Multiple Agents Under Uncertainty},
	Volume = {94},
	Year = {1997}}

@inproceedings{MBS17,
	Author = {S.~Maliah and R. I. Brafman and G. Shani},
	Booktitle = {ICAPS'17},
	Title = {Increased Privacy with Reduced Communication in Multi-Agent Planning},
	Year = {2017}}

@article{FD,
	Acmid = {1622565},
	Address = {USA},
	Author = {M.~Helmert},
	Issn = {1076-9757},
	Issue_Date = {May 2006},
	Journal = {J. Artif. Int. Res.},
	Month = jul,
	Number = {1},
	Numpages = {56},
	Pages = {191--246},
	Publisher = {AI Access Foundation},
	Title = {The Fast Downward Planning System},
	Url = {http://dl.acm.org/citation.cfm?id=1622559.1622565},
	Volume = {26},
	Year = {2006},
	Bdsk-Url-1 = {http://dl.acm.org/citation.cfm?id=1622559.1622565}}

@incollection{Reiter-SitCalc,
	Author = {R. Reiter},
	Booktitle = {AI and Mathematical Theory of Computation: papers in honour of John McCarthy},
	Date-Added = {2012-05-24 14:55:47 +0300},
	Date-Modified = {2012-05-24 14:57:53 +0300},
	Editor = {V. Lifshitz},
	Pages = {359-380},
	Title = {The Frame Problem in the Situation Calculus: a simple solution (sometimes) and a completeness result for goal regression},
	Year = {1991}}

@inproceedings{LinS92,
	Author = {Fangzhen Lin and Yoav Shoham},
	Bibsource = {dblp computer science bibliography, http://dblp.org},
	Biburl = {http://dblp.org/rec/bib/conf/aaai/LinS92},
	Booktitle = {Proceedings of the 10th National Conference on Artificial Intelligence. San Jose, CA, July 12-16, 1992.},
	Pages = {590--595},
	Timestamp = {Tue, 11 Dec 2012 17:40:42 +0100},
	Title = {Concurrent Actions in the Situation Calculus},
	Url = {http://www.aaai.org/Library/AAAI/1992/aaai92-091.php},
	Year = {1992},
	Bdsk-Url-1 = {http://www.aaai.org/Library/AAAI/1992/aaai92-091.php}}

@article{BaralG97,
	Author = {Chitta Baral and Michael Gelfond},
	Bibsource = {dblp computer science bibliography, http://dblp.org},
	Biburl = {http://dblp.org/rec/bib/journals/jlp/BaralG97},
	Doi = {10.1016/S0743-1066(96)00140-9},
	Journal = {J. Log. Program.},
	Number = {1-3},
	Pages = {85--117},
	Timestamp = {Sun, 28 May 2017 13:17:34 +0200},
	Title = {Reasoning About Effects of Concurrent Actions},
	Url = {https://doi.org/10.1016/S0743-1066(96)00140-9},
	Volume = {31},
	Year = {1997},
	Bdsk-Url-1 = {https://doi.org/10.1016/S0743-1066(96)00140-9},
	Bdsk-Url-2 = {http://dx.doi.org/10.1016/S0743-1066(96)00140-9}}

@article{Hoffmann2001,
	Author = {Hoffmann, J\"{o}rg and Nebel, Bernhard},
	Journal = {J. Artif. Int. Res.},
	Number = {1},
	Pages = {253--302},
	Title = {The {FF} planning system: fast plan generation through heuristic search},
	Volume = {14},
	Year = {2001}}
    
    
@article{RHN06,
  author    = {Jussi Rintanen and
               Keijo Heljanko and
               Ilkka Niemel{\"{a}}},
  title     = {Planning as satisfiability: parallel plans and algorithms for plan
               search},
  journal   = {Artif. Intell.},
  volume    = {170},
  number    = {12-13},
  pages     = {1031--1080},
  year      = {2006},

}

@inproceedings{DNK97,
  author    = {Yannis Dimopoulos and
               Bernhard Nebel and
               Jana Koehler},
  title     = {Encoding Planning Problems in Nonmonotonic Logic Programs},
  booktitle = {Recent Advances in {AI} Planning, 4th European Conference on Planning,
               ECP'97, Toulouse, France, September 24-26, 1997, Proceedings},
  pages     = {169--181},
  year      = {1997},
}

@book{ abelson-et-al:scheme,
  author = "Harold Abelson and Gerald~Jay Sussman and Julie Sussman",
  title = "Structure and Interpretation of Computer Programs",
  publisher = "MIT Press",
  address = "Cambridge, Massachusetts",
  year = "1985"
}

@inproceedings{ bgf:Lixto,
  author = "Robert Baumgartner and Georg Gottlob and Sergio Flesca",
  title = "Visual Information Extraction with {Lixto}",
  booktitle = "Proceedings of the 27th International Conference on Very Large Databases",
  pages = "119--128",
  publisher = "Morgan Kaufmann",
  address = "Rome, Italy",
  month = "September",
  year = "2001"
}

@article{ brachman-schmolze:kl-one,
  author = "Ronald~J. Brachman and James~G. Schmolze",
  title = "An overview of the {KL-ONE} knowledge representation system",
  journal = "Cognitive Science",
  volume = "9",
  number = "2",
  pages = "171--216",
  month = "April--June",
  year = "1985"
}

@article{ gottlob:nonmon,
  author = "Georg Gottlob",
  title = "Complexity results for nonmonotonic logics",
  journal = "Journal of Logic and Computation",
  volume = "2",
  number = "3",
  pages = "397--425",
  month = "June",
  year = "1992"
}

@article{ gls:hypertrees,
  author = "Georg Gottlob and Nicola Leone and Francesco Scarcello",
  title = "Hypertree Decompositions and Tractable Queries",
  journal = "Journal of Computer and System Sciences",
  volume = "64",
  number = "3",
  pages = "579--627",
  month = "May",
  year = "2002"
}

@article{ levesque:functional-foundations,
  author = "Hector~J. Levesque",
  title = "Foundations of a functional approach to knowledge representation",
  journal = "Artificial Intelligence",
  volume = "23",
  number = "2",
  pages = "155--212",
  month = "July",
  year = "1984"
}

@inproceedings{ levesque:belief,
  author = "Hector~J. Levesque",
  title = "A logic of implicit and explicit belief",
  booktitle = "Proceedings of the Fourth National Conference on Artificial Intelligence",
  publisher = "American Association for Artificial Intelligence",
  pages = "198--202",
  address = "Austin, Texas",
  month = "August",
  year = "1984"
}

@article{ nebel:jair-2000,
  author = "Bernhard Nebel",
  title = "On the compilability and expressive power of propositional planning formalisms",
  journal = "Journal of Artificial Intelligence Research",
  volume = "12",
  pages = "271--315",
  year = "2000"
}

 @misc{proceedings,
  author = {{IJCAI Proceedings}},
  title = {{IJCAI} Camera Ready Submission},
  howpublished = {\url{https://proceedings.ijcai.org/info}},
}

@article{kwak2005brief,
  title={A brief history of project management},
  author={Kwak, Young-Hoon},
  journal={The story of managing projects},
  year={2005},
  publisher={Greenwood Publishing Group}
}

@article{malcolm1959application,
  title={Application of a technique for research and development program evaluation},
  author={Malcolm, Donald G and Roseboom, John H and Clark, Charles E and Fazar, Willard},
  journal={Operations Research},
  volume={7},
  number={5},
  pages={646--669},
  year={1959},
  publisher={INFORMS}
}

@article{kelley1961critical,
  title={Critical-path planning and scheduling: Mathematical basis},
  author={Kelley Jr, James E},
  journal={Operations Research},
  volume={9},
  number={3},
  pages={296--320},
  year={1961},
  publisher={INFORMS}
}

@article{fulkerson1962expected,
  title={Expected critical path lengths in {PERT} networks},
  author={Fulkerson, D Ray},
  journal={Operations Research},
  volume={10},
  number={6},
  pages={808--817},
  year={1962},
  publisher={INFORMS}
}

@article{loui1983optimal,
  title={Optimal paths in graphs with stochastic or multidimensional weights},
  author={Loui, Ronald Prescott},
  journal={Communications of the ACM},
  volume={26},
  number={9},
  pages={670--676},
  year={1983},
  publisher={Citeseer}
}

@article{dijkstra1959note,
  title={A note on two problems in connexion with graphs},
  author={Dijkstra, Edsger W},
  journal={Numerische Mathematik},
  volume={1},
  number={1},
  pages={269--271},
  year={1959},
  publisher={Springer}
}

@article{harary1969shortest,
  title={Shortest paths in probabilistic graphs},
  author={Harary, Frank},
  journal={Operations Research},
  volume={17},
  number={4},
  pages={583--599},
  year={1969},
  publisher={INFORMS}
}

@inproceedings{conitzer2014mechanism,
  title={Mechanism design for scheduling with uncertain execution time},
  author={Conitzer, Vincent and Vidali, Angelina},
  booktitle={Twenty-Eighth AAAI Conference on Artificial Intelligence},
  year={2014}
}

@article{porter2008fault,
  title={Fault tolerant mechanism design},
  author={Porter, Ryan and Ronen, Amir and Shoham, Yoav and Tennenholtz, Moshe},
  journal={Artificial Intelligence},
  volume={172},
  number={15},
  pages={1783--1799},
  year={2008},
  publisher={Elsevier}
}

@inproceedings{cohen2015estimating,
  title={Estimating the probability of meeting a deadline in hierarchical plans},
  author={Cohen, Liat and Shimony, Solomon Eyal and Weiss, Gera},
  booktitle={Twenty-Fourth International Joint Conference on Artificial Intelligence (IJCAI)},
  year={2015}
}

@article{bellman1958routing,
  title={On a routing problem},
  author={Bellman, Richard},
  journal={Quarterly of applied mathematics},
  volume={16},
  number={1},
  pages={87--90},
  year={1958}
}

@inproceedings{cohen2018optimal,
  title={Optimal approximation of random variables for estimating the probability of meeting a plan deadline},
  author={Cohen, Liat and Grinshpoun, Tal and Weiss, Gera},
  booktitle={Thirty-Second AAAI Conference on Artificial Intelligence},
  year={2018}
}

@article{olya2014applying,
  title={Applying Dijkstra’s algorithm for general shortest path problem with normal probability distribution arc length},
  author={Olya, Mohammad Hessam and others},
  journal={International Journal of Operational Research},
  volume={21},
  number={2},
  pages={143--154},
  year={2014},
  publisher={Inderscience Enterprises Ltd}
}

@article{schattenberg2005project,
  title={Project planning under temporal uncertainty},
  author={Schattenberg, Bernd},
  journal={Planning, Scheduling and Constraint Satisfaction: From Theory to Practice},
  volume={117},
  pages={189},
  year={2005},
  publisher={IOS Press}
}


@book{cormen2009introduction,
  title={Introduction to algorithms},
  author={Cormen, Thomas H and Leiserson, Charles E and Rivest, Ronald L and Stein, Clifford},
  year={2009},
  publisher={MIT press}
}

@inproceedings{hou2014revisiting,
  title={Revisiting risk-sensitive MDPs: New algorithms and results},
  author={Hou, Ping and Yeoh, William and Varakantham, Pradeep},
  booktitle={Twenty-Fourth International Conference on Automated Planning and Scheduling},
  year={2014}
}

@inproceedings{hou2016solving,
  title={Solving risk-sensitive POMDPs with and without cost observations},
  author={Hou, Ping and Yeoh, William and Varakantham, Pradeep},
  booktitle={Thirtieth AAAI Conference on Artificial Intelligence},
  year={2016}
}

@article{stella1998optimization,
  title={Optimization models for the first arrival target distribution function in discrete time},
  author={Stella, X Yu and Lin, Yuanlie and Yan, Pingfan},
  journal={Journal of mathematical analysis and applications},
  volume={225},
  number={1},
  pages={193--223},
  year={1998},
  publisher={Academic Press}
}

@article{cohen2019estimating,
  title={Estimating the probability of meeting a deadline in schedules and plans},
  author={Cohen, Liat and Shimony, Solomon Eyal and Weiss, Gera},
  journal={Artificial Intelligence},
  volume={275},
  pages={329--355},
  year={2019},
  publisher={Elsevier}
}

@article{lilliefors1967kolmogorov,
  title={On the {Kolmogorov-Smirnov} test for normality with mean and variance unknown},
  author={Lilliefors, Hubert W},
  journal={Journal of the American statistical Association},
  volume={62},
  number={318},
  pages={399--402},
  year={1967},
  publisher={Taylor \& Francis Group}
}

@book{hentenryck2009online,
  title={Online stochastic combinatorial optimization},
  author={Hentenryck, Pascal Van and Bent, Russell},
  year={2009},
  publisher={The MIT Press}
}

@inproceedings{zhao2020coalitional,
  title={Coalitional Games with Stochastic Characteristic Functions Defined by Private Types},
  author={Zhao, Dengji and Huang, Yiqing and Cohen, Liat and Grinshpoun, Tal},
  booktitle={Proceedings of the 19th International Conference on Autonomous Agents and MultiAgent Systems},
  pages={2086--2088},
  year={2020}
}