@article{ma2020keyframe,
  title={Keyframe extraction from laparoscopic videos via diverse and weighted dictionary selection},
  author={Ma, Mingyang and Mei, Shaohui and Wan, Shuai and Wang, Zhiyong and Ge, Zongyuan and Lam, Vincent and Feng, Dagan},
  journal={IEEE Journal of Biomedical and Health Informatics},
  volume={25},
  number={5},
  pages={1686--1698},
  year={2020},
  publisher={IEEE}
}

@article{almalioglu2020endol2h,
  title={EndoL2H: deep super-resolution for capsule endoscopy},
  author={Almalioglu, Yasin and Ozyoruk, Kutsev Bengisu and Gokce, Abdulkadir and Incetan, Kagan and Gokceler, Guliz Irem and Simsek, Muhammed Ali and Ararat, Kivanc and Chen, Richard J and Durr, Nicholas J and Mahmood, Faisal and others},
  journal={IEEE Transactions on Medical Imaging},
  volume={39},
  number={12},
  pages={4297--4309},
  year={2020},
  publisher={IEEE}
}

@inproceedings{zhu2017unpaired,
  title={Unpaired image-to-image translation using cycle-consistent adversarial networks},
  author={Zhu, Jun-Yan and Park, Taesung and Isola, Phillip and Efros, Alexei A},
  booktitle={Proceedings of the IEEE international conference on computer vision},
  pages={2223--2232},
  year={2017}
}

@misc(sundata,
  author = {Itoh, Hayato and Misawa, Masashi and Mori, Yuichi and Oda, Masahiro  and Kudo, Shin-Ei  and Mori, Kensaku},
  title = "SUN Colonoscopy Video Database",
  howpublished ="\url{http://amed8k.sundatabase.org/}",
  note = "",
  year={2020}
)

@misc(yolov5,
  author = "Ultralytics",
  title = "YOLOv5",
  howpublished ="\url{https://github.com/ultralytics/yolov5.git/}",
  note = "Accessed: 25 Feb 2022",
  year={2020}
)

@article{misawa2021development,
  title={Development of a computer-aided detection system for colonoscopy and a publicly accessible large colonoscopy video database (with video)},
  author={Misawa, Masashi and Kudo, Shin-ei and Mori, Yuichi and Hotta, Kinichi and Ohtsuka, Kazuo and Matsuda, Takahisa and Saito, Shoichi and Kudo, Toyoki and Baba, Toshiyuki and Ishida, Fumio and others},
  journal={Gastrointestinal Endoscopy},
  volume={93},
  number={4},
  pages={960--967},
  year={2021},
  publisher={Elsevier}
}
@inproceedings{kupyn2019deblurgan,
  title={Deblurgan-v2: Deblurring (orders-of-magnitude) faster and better},
  author={Kupyn, Orest and Martyniuk, Tetiana and Wu, Junru and Wang, Zhangyang},
  booktitle={Proceedings of the IEEE/CVF International Conference on Computer Vision},
  pages={8878--8887},
  year={2019}
}

@inproceedings{arnold2009indistinct,
  title={Indistinct frame detection in colonoscopy videos},
  author={Arnold, Mirko and Ghosh, Anarta and Lacey, Gerard and Patchett, Stephen and Mulcahy, Hugh},
  booktitle={2009 13th International Machine Vision and Image Processing Conference},
  pages={47--52},
  year={2009},
  organization={IEEE}
}













