@incollection{ning2015comprehensive,
  title={A comprehensive survey of neighborhood-based recommendation methods},
  author={Ning, Xia and Desrosiers, Christian and Karypis, George},
  booktitle={Recommender systems handbook},
  pages={37--76},
  year={2015},
  publisher={Springer}
}

@INPROCEEDINGS{Breese98empiricalanalysis,
    author = {John S. Breese and David Heckerman and Carl Kadie},
    title = {Empirical Analysis of Predictive Algorithms for Collaborative Filtering},
    booktitle = {UAI},
    year = {1998},
    pages = {43--52},
    publisher = {Morgan Kaufmann}
}

@incollection{koren2015advances,
  title={Advances in collaborative filtering},
  author={Koren, Yehuda and Bell, Robert},
  booktitle={Recommender systems handbook},
  pages={77--118},
  year={2015},
  publisher={Springer}
}

@article{bonney2009citizen,
  title={Citizen science: a developing tool for expanding science knowledge and scientific literacy},
  author={Bonney, Rick and Cooper, Caren B and Dickinson, Janis and Kelling, Steve and Phillips, Tina and Rosenberg, Kenneth V and Shirk, Jennifer},
  journal={BioScience},
  volume={59},
  number={11},
  pages={977--984},
  year={2009},
  publisher={Oxford University Press}
}

@article{ahn2006utilizing,
  title={Utilizing popularity characteristics for product recommendation},
  author={Ahn, Hyung Jun},
  journal={International Journal of Electronic Commerce},
  volume={11},
  number={2},
  pages={59--80},
  year={2006},
  publisher={Taylor \& Francis}
}
@article{cohn2008citizen,
  title={Citizen science: Can volunteers do real research?},
  author={Cohn, Jeffrey P},
  journal={BioScience},
  volume={58},
  number={3},
  pages={192--197},
  year={2008},
  publisher={American Institute of Biological Sciences}
}
@article{kleinerman2020supporting,
  title={Supporting users in finding successful matches in reciprocal recommender systems},
  author={Kleinerman, Akiva and Rosenfeld, Ariel and Ricci, Francesco and Kraus, Sarit},
  journal={User Modeling and User-Adapted Interaction},
  pages={1--49},
  year={2020},
  publisher={Springer}
}



@article{larson2020diverse,
  title={The diverse motivations of citizen scientists: Does conservation emphasis grow as volunteer participation progresses?},
  author={Larson, Lincoln R and Cooper, Caren B and Futch, Sara and Singh, Devyani and Shipley, Nathan J and Dale, Kathy and LeBaron, Geoffrey S and Takekawa, John Y},
  journal={Biological Conservation},
  volume={242},
  pages={108428},
  year={2020},
  publisher={Elsevier}
}
@article{jonnalagedda2016incorporating,
  title={Incorporating popularity in a personalized news recommender system},
  author={Jonnalagedda, Nirmal and Gauch, Susan and Labille, Kevin and Alfarhood, Sultan},
  journal={PeerJ Computer Science},
  volume={2},
  pages={e63},
  year={2016},
  publisher={PeerJ Inc.}
}

@inproceedings{wang2015recommendation,
  title={Recommendation algorithms for optimizing hit rate, user satisfaction and website revenue},
  author={Wang, Xin and Guo, Yunhui and Xu, Congfu},
  booktitle={Twenty-Fourth International Joint Conference on Artificial Intelligence},
  year={2015}
}

@book{national2018learning,
  title={Learning through citizen science: enhancing opportunities by design},
  author={National Academies of Sciences, Engineering, and Medicine and others},
  year={2018},
  publisher={National Academies Press}
}
@inproceedings{sarwar2002incremental,
  title={Incremental singular value decomposition algorithms for highly scalable recommender systems},
  author={Sarwar, Badrul and Karypis, George and Konstan, Joseph and Riedl, John},
  booktitle={Fifth international conference on computer and information science},
  volume={1},
  year={2002},
  organization={Citeseer}
}

@incollection{schafer2007collaborative,
  title={Collaborative filtering recommender systems},
  author={Schafer, J Ben and Frankowski, Dan and Herlocker, Jon and Sen, Shilad},
  booktitle={The adaptive web},
  pages={291--324},
  year={2007},
  publisher={Springer}
}

@inproceedings{miranda2008incremental,
  title={Incremental collaborative filtering for binary ratings},
  author={Miranda, Catarina and Jorge, Al{\'\i}pio M},
  booktitle={Proceedings of the 2008 IEEE/WIC/ACM International Conference on Web Intelligence and Intelligent Agent Technology-Volume 01},
  pages={389--392},
  year={2008},
  organization={IEEE Computer Society}
}

@inproceedings{davidson2010youtube,
  title={The YouTube video recommendation system},
  author={Davidson, James and Liebald, Benjamin and Liu, Junning and Nandy, Palash and Van Vleet, Taylor and Gargi, Ullas and Gupta, Sujoy and He, Yu and Lambert, Mike and Livingston, Blake and others},
  booktitle={Proceedings of the fourth ACM conference on Recommender systems},
  pages={293--296},
  year={2010},
  organization={ACM}
}

@inproceedings{lin2014signals,
  title={Signals in the silence: Models of implicit feedback in a recommendation system for crowdsourcing},
  author={Lin, Christopher H and Kamar, Ece and Horvitz, Eric},
  booktitle={Twenty-Eighth AAAI Conference on Artificial Intelligence},
  year={2014}
}

@incollection{ricci2011introduction,
  title={Introduction to recommender systems handbook},
  author={Ricci, Francesco and Rokach, Lior and Shapira, Bracha},
  booktitle={Recommender systems handbook},
  pages={1--35},
  year={2011},
  publisher={Springer}
}
@article{funk2017science,
  title={Science news and information today},
  author={Funk, Cary and Gottfried, Jeffrey and Mitchell, Amy},
  journal={Pew Research Center},
  year={2017}
}

@article{brossard2005scientific,
  title={Scientific knowledge and attitude change: The impact of a citizen science project},
  author={Brossard, Dominique and Lewenstein, Bruce and Bonney, Rick},
  journal={International Journal of Science Education},
  volume={27},
  number={9},
  pages={1099--1121},
  year={2005},
  publisher={Taylor \& Francis}
}

@incollection{ricci2015recommender,
  title={Recommender systems: introduction and challenges},
  author={Ricci, Francesco and Rokach, Lior and Shapira, Bracha},
  booktitle={Recommender systems handbook},
  pages={1--34},
  year={2015},
  publisher={Springer}
}

@inproceedings{fleder2007recommender,
  title={Recommender systems and their impact on sales diversity},
  author={Fleder, Daniel M and Hosanagar, Kartik},
  booktitle={Proceedings of the 8th ACM conference on Electronic commerce},
  pages={192--199},
  year={2007},
  organization={ACM}
}

@inproceedings{itmazi2006recommendation,
  title={The recommendation systems: Types, domains and the ability usage in learning management system},
  author={Itmazi, J and Gea, M},
  booktitle={Proceedings of the International Arab Conference on Information Technology (ACIT'2006), Yarmouk University, Jordan},
  year={2006}
}

@inproceedings{bao2016intelligent,
  title={An intelligent medicine recommender system framework},
  author={Bao, Youjun and Jiang, Xiaohong},
  booktitle={2016 IEEE 11th Conference on Industrial Electronics and Applications (ICIEA)},
  pages={1383--1388},
  year={2016},
  organization={IEEE}
}


@inproceedings{amatriain2013big,
  title={Big \& personal: data and models behind netflix recommendations},
  author={Amatriain, Xavier},
  booktitle={Proceedings of the 2nd international workshop on big data, streams and heterogeneous source Mining: Algorithms, systems, programming models and applications},
  pages={1--6},
  year={2013},
  organization={ACM}
}

@inproceedings{dwivedi2017recommender,
  title={Recommender system for big data in education},
  author={Dwivedi, Surabhi and Roshni, VS Kumari},
  booktitle={2017 5th National Conference on E-Learning \& E-Learning Technologies (ELELTECH)},
  pages={1--4},
  year={2017},
  organization={IEEE}
}

@article{burgess2017science,
  title={The science of citizen science: Exploring barriers to use as a primary research tool},
  author={Burgess, Hillary K and DeBey, LB and Froehlich, HE and Schmidt, Natalaie and Theobald, Elli J and Ettinger, Ailene K and HilleRisLambers, Janneke and Tewksbury, Joshua and Parrish, Julia K},
  journal={Biological Conservation},
  volume={208},
  pages={113--120},
  year={2017},
  publisher={Elsevier}
}

@incollection{hoffman2017scistarter,
  title={Scistarter 2.0: A digital platform to foster and study sustained engagement in citizen science},
  author={Hoffman, Catherine and Cooper, Caren B and Kennedy, Eric B and Farooque, Mahmud and Cavalier, Darlene},
  booktitle={Analyzing the Role of Citizen Science in Modern Research},
  pages={50--61},
  year={2017},
  publisher={IGI Global}
}

@article{gunawardana2009survey,
  title={A survey of accuracy evaluation metrics of recommendation tasks.},
  author={Gunawardana, Asela and Shani, Guy},
  journal={Journal of Machine Learning Research},
  volume={10},
  number={12},
  year={2009}
}

@incollection{shani2011evaluating,
  title={Evaluating recommendation systems},
  author={Shani, Guy and Gunawardana, Asela},
  booktitle={Recommender systems handbook},
  pages={257--297},
  year={2011},
  publisher={Springer}
}

@article{raddick2009galaxy,
  title={Galaxy zoo: Exploring the motivations of citizen science volunteers},
  author={Raddick, M Jordan and Bracey, Georgia and Gay, Pamela L and Lintott, Chris J and Murray, Phil and Schawinski, Kevin and Szalay, Alexander S and Vandenberg, Jan},
  journal={arXiv preprint arXiv:0909.2925},
  year={2009}
}

@article{herlocker2004evaluating,
  title={Evaluating collaborative filtering recommender systems},
  author={Herlocker, Jonathan L and Konstan, Joseph A and Terveen, Loren G and Riedl, John T},
  journal={ACM Transactions on Information Systems (TOIS)},
  volume={22},
  number={1},
  pages={5--53},
  year={2004},
  publisher={ACM}
}

@article{kragh2016motivations,
  title={The motivations of volunteers in citizen science.},
  author={Kragh, Gitte},
  journal={environmental SCIENTIST},
  volume={25},
  number={2},
  pages={32--35},
  year={2016},
  publisher={Bournemouth University, Fern Barrow, Poole, Dorset, BH12 5BB, UK}
}

@article{nov2014scientists,
  title={Scientists@ Home: what drives the quantity and quality of online citizen science participation?},
  author={Nov, Oded and Arazy, Ofer and Anderson, David},
  journal={PloS one},
  volume={9},
  number={4},
  year={2014},
  publisher={Public Library of Science}
}

@inproceedings{segal2016intervention,
  title={Intervention strategies for increasing engagement in crowdsourcing: platform, predictions, and experiments},
  author={Segal, Avi and Gal, Kobi and Kamar, Ece and Horvitz, Eric and Bowyer, Alex and Miller, Grant},
  booktitle={Proceedings of the Twenty-Fifth International Joint Conference on Artificial Intelligence},
  pages={3861--3867},
  year={2016}
}


@inproceedings{segal2018optimizing,
  title={Optimizing Interventions via Offline Policy Evaluation: Studies in Citizen Science},
  author={Segal, Avi and Gal, Kobi and Kamar, Ece and Horvitz, Eric and Miller, Grant},
  booktitle={Thirty-Second AAAI Conference on Artificial Intelligence},
  year={2018}
}

@article{laut2017increasing,
  title={Increasing citizen science contribution using a virtual peer},
  author={Laut, Jeffrey and Cappa, Francesco and Nov, Oded and Porfiri, Maurizio},
  journal={Journal of the Association for Information Science and Technology},
  volume={68},
  number={3},
  pages={583--593},
  year={2017},
  publisher={Wiley Online Library}
}

@inproceedings{bao2016intelligent,
  title={An intelligent medicine recommender system framework},
  author={Bao, Youjun and Jiang, Xiaohong},
  booktitle={2016 IEEE 11th Conference on Industrial Electronics and Applications (ICIEA)},
  pages={1383--1388},
  year={2016},
  organization={IEEE}
}


@article{labarthe2016does,
  title={Does a Peer Recommender Foster Students' Engagement in MOOCs?.},
  author={Labarthe, Hugues and Bouchet, Fran{\c{c}}ois and Bachelet, R{\'e}mi and Yacef, Kalina},
  journal={International Educational Data Mining Society},
  year={2016},
  publisher={ERIC}
}

@article{koskela2017comparing,
  title={Comparing ranking-based collaborative filtering algorithms to a rating-based alternative in recommender systems context},
  author={Koskela, Pentti},
  year={2017}
}

@inproceedings{zheng2010clicks,
  title={Do clicks measure recommendation relevancy? an empirical user study},
  author={Zheng, Hua and Wang, Dong and Zhang, Qi and Li, Hang and Yang, Tinghao},
  booktitle={Proceedings of the fourth ACM conference on Recommender systems},
  pages={249--252},
  year={2010}
}

@inproceedings{segal2015improving,
  title={Improving productivity in citizen science through controlled intervention},
  author={Segal, Avi and Gal, Ya'akov and Simpson, Robert J and Victoria Homsy, Victoria and Hartswood, Mark and Page, Kevin R and Jirotka, Marina},
  booktitle={Proceedings of the 24th International Conference on World Wide Web},
  pages={331--337},
  year={2015}
}

@article{sridharan2014introducing,
  title={Introducing serendipity in recommender systems through collaborative methods},
  author={Sridharan, Suboojitha},
  year={2014}
}

@inproceedings{wu2013recommendation,
  title={Recommendation systems and consumer satisfaction online: moderating effects of consumer product awareness},
  author={Wu, Ling-Ling and Joung, Yuh-Jzer and Lee, Jonglin},
  booktitle={2013 46th Hawaii International Conference on System Sciences},
  pages={2753--2762},
  year={2013},
  organization={IEEE}
}

@article{nguyen2018user,
  title={User personality and user satisfaction with recommender systems},
  author={Nguyen, Tien T and Harper, F Maxwell and Terveen, Loren and Konstan, Joseph A},
  journal={Information Systems Frontiers},
  volume={20},
  number={6},
  pages={1173--1189},
  year={2018},
  publisher={Springer}
}

@article{beel2017stereotype,
  title={Stereotype and most-popular recommendations in the digital library sowiport},
  author={Beel, Joeran and Dinesh, Siddharth and Mayr, Philipp and Carevic, Zeljko and Raghvendra, Jain},
  year={2017},
  publisher={Humboldt-Universit{\"a}t zu Berlin}
}

@inproceedings{jawaheer2010comparison,
  title={Comparison of implicit and explicit feedback from an online music recommendation service},
  author={Jawaheer, Gawesh and Szomszor, Martin and Kostkova, Patty},
  booktitle={proceedings of the 1st international workshop on information heterogeneity and fusion in recommender systems},
  pages={47--51},
  year={2010}
}

@article{Irwin2018NoPN,
  title={No PhDs needed: how citizen science is transforming research},
  author={Aisling Irwin},
  journal={Nature},
  year={2018},
  volume={562},
  pages={480-482}
}

@inproceedings{freyne2009increasing,
  title={Increasing engagement through early recommender intervention},
  author={Freyne, Jill and Jacovi, Michal and Guy, Ido and Geyer, Werner},
  booktitle={Proceedings of the third ACM conference on Recommender systems},
  pages={85--92},
  year={2009},
  organization={ACM}
}

@inproceedings{wu2017returning,
  title={Returning is believing: Optimizing long-term user engagement in recommender systems},
  author={Wu, Qingyun and Wang, Hongning and Hong, Liangjie and Shi, Yue},
  booktitle={Proceedings of the 2017 ACM on Conference on Information and Knowledge Management},
  pages={1927--1936},
  year={2017},
  organization={ACM}
}

@article{deshpande2004item,
  title={Item-based top-n recommendation algorithms},
  author={Deshpande, Mukund and Karypis, George},
  journal={ACM Transactions on Information Systems (TOIS)},
  volume={22},
  number={1},
  pages={143--177},
  year={2004},
  publisher={ACM}
}

@inproceedings{hu2008collaborative,
  title={Collaborative filtering for implicit feedback datasets},
  author={Hu, Yifan and Koren, Yehuda and Volinsky, Chris},
  booktitle={2008 Eighth IEEE International Conference on Data Mining},
  pages={263--272},
  year={2008},
  organization={Ieee}
}

@article{lika2014facing,
  title={Facing the cold start problem in recommender systems},
  author={Lika, Blerina and Kolomvatsos, Kostas and Hadjiefthymiades, Stathes},
  journal={Expert Systems with Applications},
  volume={41},
  number={4},
  pages={2065--2073},
  year={2014},
  publisher={Elsevier}
}

@article{zhang2018explainable,
  title={Explainable recommendation: A survey and new perspectives},
  author={Zhang, Yongfeng and Chen, Xu},
  journal={arXiv preprint arXiv:1804.11192},
  year={2018}
}

@article{ruxton2006unequal,
  title={The unequal variance t-test is an underused alternative to Student's t-test and the Mann--Whitney U test},
  author={Ruxton, Graeme D},
  journal={Behavioral Ecology},
  volume={17},
  number={4},
  pages={688--690},
  year={2006},
  publisher={Oxford University Press}
}

@article{abdi2018matrix,
  title={Matrix factorization techniques for context-aware collaborative filtering recommender systems: A survey},
  author={Abdi, Mohamed Hussein and Okeyo, George and Mwangi, Ronald Waweru},
  year={2018},
  publisher={Canadian Center of Science and Education}
}

@inproceedings{he2016fast,
  title={Fast matrix factorization for online recommendation with implicit feedback},
  author={He, Xiangnan and Zhang, Hanwang and Kan, Min-Yen and Chua, Tat-Seng},
  booktitle={Proceedings of the 39th International ACM SIGIR conference on Research and Development in Information Retrieval},
  pages={549--558},
  year={2016}
}



@article{tinati2014collective,
  title={Collective intelligence in citizen science--a study of performers and talkers},
  author={Tinati, Ramine and Simperl, Elena and Luczak-R{\"o}sch, Markus and Van Kleek, Max and Shadbolt, Nigel},
  journal={arXiv preprint arXiv:1406.7551},
  year={2014}
}
@inproceedings{rojsattarat2003hybrid,
  title={Hybrid recommendation: Combining content-based prediction and collaborative filtering},
  author={Rojsattarat, Ekkawut and Soonthornphisaj, Nuanwan},
  booktitle={International Conference on Intelligent Data Engineering and Automated Learning},
  pages={337--344},
  year={2003},
  organization={Springer}
}

@article{dudani1976distance,
  title={The distance-weighted k-nearest-neighbor rule},
  author={Dudani, Sahibsingh A},
  journal={IEEE Transactions on Systems, Man, and Cybernetics},
  number={4},
  pages={325--327},
  year={1976},
  publisher={IEEE}
}

@article{koren2009matrix,
  title={Matrix factorization techniques for recommender systems},
  author={Koren, Yehuda and Bell, Robert and Volinsky, Chris},
  journal={Computer},
  volume={42},
  number={8},
  pages={30--37},
  year={2009},
  publisher={IEEE}
}

@incollection{pazzani2007content,
  title={Content-based recommendation systems},
  author={Pazzani, Michael J and Billsus, Daniel},
  booktitle={The adaptive web},
  pages={325--341},
  year={2007},
  publisher={Springer}
}

@inproceedings{frumerman2019all,
  title={Are All Rejected Recommendations Equally Bad?: Towards Analysing Rejected Recommendations},
  author={Frumerman, Shir and Shani, Guy and Shapira, Bracha and Sar Shalom, Oren},
  booktitle={Proceedings of the 27th ACM Conference on User Modeling, Adaptation and Personalization},
  pages={157--165},
  year={2019},
  organization={ACM}
}
@article{balabanovic1997fab,
  title={Fab: content-based, collaborative recommendation},
  author={Balabanovi{\'c}, Marko and Shoham, Yoav},
  journal={Communications of the ACM},
  volume={40},
  number={3},
  pages={66--72},
  year={1997},
  publisher={ACM}
}


@inproceedings{ponciano2019characterising,
  title={Characterising volunteers' task execution patterns across projects on multi-project citizen science platforms},
  author={Ponciano, Lesandro and Pereira, Thiago Emmanuel},
  booktitle={Proceedings of the 18th Brazilian Symposium on Human Factors in Computing Systems},
  pages={16},
  year={2019},
  organization={ACM}
}

@article{aristeidou2017profiles,
  title={Profiles of engagement in online communities of citizen science participation},
  author={Aristeidou, Maria and Scanlon, Eileen and Sharples, Mike},
  journal={Computers in Human Behavior},
  volume={74},
  pages={246--256},
  year={2017},
  publisher={Elsevier}
}

@inproceedings{rotman2012dynamic,
  title={Dynamic changes in motivation in collaborative citizen-science projects},
  author={Rotman, Dana and Preece, Jenny and Hammock, Jen and Procita, Kezee and Hansen, Derek and Parr, Cynthia and Lewis, Darcy and Jacobs, David},
  booktitle={Proceedings of the ACM 2012 conference on computer supported cooperative work},
  pages={217--226},
  year={2012}
}

@misc{gower2014netflix,
  title={Netflix prize and SVD},
  author={Gower, Stephen},
  year={2014},
  publisher={Working Paper}
}

@article{sadek2012svd,
  title={SVD based image processing applications: state of the art, contributions and research challenges},
  author={Sadek, Rowayda A},
  journal={arXiv preprint arXiv:1211.7102},
  year={2012}
}

@article{vitone2016school,
  title={School of ants goes to college: integrating citizen science into the general education classroom increases engagement with science},
  author={Vitone, Tyler and Stofer, Kathryn and Steininger, M Sedonia and Hulcr, Jiri and Dunn, Robert and Lucky, Andrea},
  journal={Journal of Science Communication},
  volume={15},
  number={1},
  pages={A03},
  year={2016},
  publisher={SISSA Medialab}
}

@article{silvertown2009new,
  title={A new dawn for citizen science},
  author={Silvertown, Jonathan},
  journal={Trends in ecology \& evolution},
  volume={24},
  number={9},
  pages={467--471},
  year={2009},
  publisher={Elsevier}
}

@article{bonney2014next,
  title={Next steps for citizen science},
  author={Bonney, Rick and Shirk, Jennifer L and Phillips, Tina B and Wiggins, Andrea and Ballard, Heidi L and Miller-Rushing, Abraham J and Parrish, Julia K},
  journal={Science},
  volume={343},
  number={6178},
  pages={1436--1437},
  year={2014},
  publisher={American Association for the Advancement of Science}
}

@article{haywood2014education,
  title={Education, outreach, and inclusive engagement: Towards integrated indicators of successful program outcomes in participatory science},
  author={Haywood, Benjamin K and Besley, John C},
  journal={Public understanding of science},
  volume={23},
  number={1},
  pages={92--106},
  year={2014},
  publisher={Sage Publications Sage UK: London, England}
}

@article{ryan2018role,
  title={The role of citizen science in addressing grand challenges in food and agriculture research},
  author={Ryan, SF and Adamson, NL and Aktipis, A and Andersen, LK and Austin, R and Barnes, L and Beasley, MR and Bedell, KD and Briggs, S and Chapman, B and others},
  journal={Proceedings of the Royal Society B},
  volume={285},
  number={1891},
  pages={20181977},
  year={2018},
  publisher={The Royal Society}
}

@article{sorensen2019reflecting,
  title={Reflecting on efforts to design an inclusive citizen science project in West Baltimore},
  author={Sorensen, Amanda E and Jordan, Rebecca C and LaDeau, Shannon L and Biehler, Dawn and Wilson, Sacoby and Pitas, John-Henry and Leisnham, Paul T},
  year={2019}
}