@inproceedings{sejnowski1986higher,
  title={Higher-order {B}oltzmann machines},
  author={Sejnowski, T. J.},
  booktitle={AIP Conference Proceedings},
  volume={151},
  pages={398--403},
  year={1986},
  organization={AIP}
}

@inproceedings{min2014interpretable,
  title={Interpretable sparse high-order {B}oltzmann machines},
  author={Min, M. R. and Ning, X. and Cheng, C. and Gerstein, M.},
  booktitle={Proceedings of the 17th International Conference on Artificial Intelligence and Statistics (AISTATS)},
  pages={614--622},
  year={2014}
}

@incollection{ackley1987learning,
  title={A learning algorithm for {B}oltzmann machines},
  author={Ackley, David H and Hinton, Geoffrey E and Sejnowski, Terrence J},
  booktitle={Readings in Computer Vision},
  pages={522--533},
  year={1987},
  publisher={Elsevier}
}

@inproceedings{sugiyama2016information,
  title={Information decomposition on structured space},
  author={Sugiyama, Mahito and Nakahara, Hiroyuki and Tsuda, Koji},
  booktitle={2016 IEEE International Symposium on Information Theory (ISIT)},
  pages={575--579},
  year={2016},
  organization={IEEE}
}

@inproceedings{sugiyama2017tensor,
  Title = {Tensor Balancing on Statistical Manifold},
  Author = {Sugiyama, M. and Nakahara, H. and Tsuda, K.},
  Booktitle = {Proceedings of the 34th International Conference on Machine Learning (ICML)},
  Volume = {70},
  Pages = {3270--3279},
  year={2017}
}

@book{davey2002introduction,
  title={Introduction to Lattices and Order},
  author={Davey, B. A. and Priestley, H. A.},
  year={2002},
  publisher={Cambridge University Press}
}

@book{gierz2003continuous,
  title={Continuous Lattices and Comains},
  author={Gierz, Gerhard and Hofmann, Karl Heinrich and Keimel, Klaus and Lawson, Jimmie D and Mislove, Michael and Scott, Dana S},
  volume={93},
  year={2003},
  publisher={Cambridge University Press}
}

@incollection{hinton2012practical,
  title={A practical guide to training restricted {B}oltzmann machines},
  author={Hinton, Geoffrey E},
  booktitle={Neural Networks: Tricks of the Trade},
  pages={599--619},
  year={2012},
  publisher={Springer}
}

@book{friedman2001elements,
  title={The Elements of Statistical Learning},
  author={Friedman, Jerome and Hastie, Trevor and Tibshirani, Robert},
  year={2001},
  publisher={Springer}
}

@inproceedings{grosse2013annealing,
  title={Annealing between distributions by averaging moments},
  author={Grosse, Roger B and Maddison, Chris J and Salakhutdinov, Ruslan R},
  booktitle={Advances in Neural Information Processing Systems (NIPS)},
  pages={2769--2777},
  year={2013}
}

@article{salakhutdinov2008learning,
  title={Learning and evaluating {B}oltzmann machines},
  author={Salakhutdinov, Ruslan},
  journal={Technical Report UTML TR 2008-002, Department of Computer Science, University of Toronto},
  year={2008}
}

@article{neal2001annealed,
  title={Annealed importance sampling},
  author={Neal, Radford M},
  journal={Statistics and Computing},
  volume={11},
  number={2},
  pages={125--139},
  year={2001},
  publisher={Springer}
}

@article{neal2005estimating,
  title={Estimating ratios of normalizing constants using linked importance sampling},
  author={Neal, Radford M},
  journal={arXiv:math/0511216},
  year={2005}
}

@article{geman1984stochastic,
  title={Stochastic relaxation, {G}ibbs distributions, and the {B}ayesian restoration of images},
  author={Geman, Stuart and Geman, Donald},
  journal={IEEE Transactions on Pattern Analysis and Machine Intelligence},
  volume={6},
  number={6},
  pages={721--741},
  year={1984},
  publisher={IEEE}
}

@article{amari2001information,
  title={Information geometry on hierarchy of probability distributions},
  author={Amari, S.},
  journal={IEEE Transactions on Information Theory},
  volume={47},
  number={5},
  pages={1701--1711},
  year={2001},
  publisher={IEEE}
}

@article{nakahara2002information,
  title={Information-geometric measure for neural spikes},
  author={Nakahara, H. and Amari, S.},
  journal={Neural Computation},
  volume={14},
  number={10},
  pages={2269--2316},
  year={2002},
  publisher={MIT Press}
}

@article{nakahara2006comparison,
  title={A comparison of descriptive models of a single spike train by information-geometric measure},
  author={Nakahara, H. and Amari, S. and Richmond, B. J.},
  journal={Neural Computation},
  volume={18},
  number={3},
  pages={545--568},
  year={2006},
  publisher={MIT Press}
}

@article{le2008representational,
  title={Representational power of restricted {B}oltzmann machines and deep belief networks},
  author={Le Roux, Nicolas and Bengio, Yoshua},
  journal={Neural Computation},
  volume={20},
  number={6},
  pages={1631--1649},
  year={2008},
  publisher={MIT Press}
}

@article{Hinton02,
	Author = {Hinton, G. E.},
	Journal = {Neural Computation},
	Number = {8},
	Pages = {1771--1800},
	Title = {Training Products of Experts by Minimizing Contrastive Divergence},
	Volume = {14},
	Year = {2002}}

@inproceedings{Tieleman08,
	Author = {Tieleman, T.},
	Booktitle = {Proceedings of the 25th International Conference on Machine Learning (ICML)},
	Pages = {1064--1071},
	Title = {Training Restricted {B}oltzmann Machines Using Approximations to the Likelihood Gradient},
	Year = {2008}}

@inproceedings{Salakhutdinov09,
	Author = {Salakhutdinov, R. and Hinton, G. E.},
	Booktitle = {Proceedings of the 12th International Conference on Artificial Intelligence and Statistics (AISTATS)},
	Pages = {448--455},
	Title = {Deep {B}oltzmann Machines},
	Year = {2009}}

@article{Salakhutdinov12,
	Author = {Salakhutdinov, R. and Hinton, G. E.},
	Journal = {Neural Computation},
	Number = {8},
	Pages = {1967--2006},
	Title = {An Efficient Learning Procedure for Deep {B}oltzmann Machines},
	Volume = {24},
	Year = {2012}}
