
@misc{Authors14,
 author = {Full Author Name},
 title = {The Frobnicatable Foo Filter},
 note = {Face and Gesture  submission ID 324. Supplied as additional material {\tt fg324.pdf}},
 year = 2014
}

@misc{Authors14b,
 author = {Full Author Name},
 title = {Frobnication Tutorial},
 note = {Supplied as additional material {\tt tr.pdf}},
 year = 2014
}

@article{Alpher02,
author = {Alvin Alpher},
title = {Frobnication},
journal = {Journal of Foo},
volume = 12, 
number = 1, 
pages = {234--778}, 
year = 2002
}

@article{Alpher03,
author = {Alvin Alpher and Ferris P.~N. Fotheringham-Smythe},
title = {Frobnication Revisited},
journal = {Journal of Foo},
volume = 13, 
number = 1, 
pages = {234--778}, 
year = 2003
}

@article{Alpher04,
author = {Alvin Alpher and Ferris P.~N. Fotheringham-Smythe and Gavin Gamow},
title = {Can a Machine Frobnicate?},
journal = {Journal of Foo},
volume = 14, 
number = 1, 
pages = {234--778}, 
year = 2004
}


@inproceedings{debiasedlearning,
  title={Debiased Learning from Naturally Imbalanced Pseudo-Labels},
  author={Wang, Xudong and Wu, Zhirong and Lian, Long and Yu, Stella X},
  booktitle={Proceedings of the IEEE/CVF Conference on Computer Vision and Pattern Recognition},
  pages={14647--14657},
  year={2022}
}

  @article{cifar,
  title={Learning Multiple Layers of Features from Tiny Images},
  author={Krizhevsky, A},
  journal={Master's thesis, University of Tront},
  year={2009}
}

@inproceedings{clothing1m,
  author={Tong Xiao and Tian Xia and Yi Yang and Chang Huang and Xiaogang Wang},
  booktitle={2015 IEEE Conference on Computer Vision and Pattern Recognition (CVPR)}, 
  title={Learning from massive noisy labeled data for image classification}, 
  year={2015},
  volume={},
  number={},
  pages={2691-2699}
  }

@inproceedings{fedgmm2021,
  title={Diurnal or Nocturnal? Federated Learning from Periodically Shifting Distributions},
  author={Zhu, Chen and Xu, Zheng and Chen, Mingqing and Kone{\v{c}}n{\`y}, Jakub and Hard, Andrew and Goldstein, Tom},
  booktitle={NeurIPS 2021 Workshop on Distribution Shifts: Connecting Methods and Applications},
  year={2021}
}



@inproceedings{
fedgmm2022,
title={Diurnal or Nocturnal? Federated Learning of Multi-branch Networks from Periodically Shifting Distributions},
author={Chen Zhu and Zheng Xu and Mingqing Chen and Jakub Kone{\v{c}}n{\'y} and Andrew Hard and Tom Goldstein},
booktitle={International Conference on Learning Representations},
year={2022},
url={https://openreview.net/forum?id=E4EE_ohFGz}
}


@inproceedings{zhang2018mixup,
  title={mixup: Beyond Empirical Risk Minimization},
  author={Zhang, Hongyi and Cisse, Moustapha and Dauphin, Yann N and Lopez-Paz, David},
  booktitle={International Conference on Learning Representations},
  year={2018}
}

@inproceedings{arazo2019unsupervised,
  title={Unsupervised label noise modeling and loss correction},
  author={Arazo, Eric and Ortego, Diego and Albert, Paul and O’Connor, Noel and McGuinness, Kevin},
  booktitle={International conference on machine learning},
  pages={312--321},
  year={2019},
  organization={PMLR}
}

@inproceedings{LID,
  title={Dimensionality-driven learning with noisy labels},
  author={Ma, Xingjun and Wang, Yisen and Houle, Michael E and Zhou, Shuo and Erfani, Sarah and Xia, Shutao and Wijewickrema, Sudanthi and Bailey, James},
  booktitle={International Conference on Machine Learning},
  pages={3355--3364},
  year={2018},
  organization={PMLR}
}


@inproceedings{JointOpt,
  title={Joint optimization framework for learning with noisy labels},
  author={Tanaka, Daiki and Ikami, Daiki and Yamasaki, Toshihiko and Aizawa, Kiyoharu},
  booktitle={Proceedings of the IEEE conference on computer vision and pattern recognition},
  pages={5552--5560},
  year={2018}
}

@article{coteaching,
  title={Co-teaching: Robust training of deep neural networks with extremely noisy labels},
  author={Han, Bo and Yao, Quanming and Yu, Xingrui and Niu, Gang and Xu, Miao and Hu, Weihua and Tsang, Ivor and Sugiyama, Masashi},
  journal={Advances in neural information processing systems},
  volume={31},
  year={2018}
}

@inproceedings{li2019fair,
  title={Fair Resource Allocation in Federated Learning},
  author={Li, Tian and Sanjabi, Maziar and Beirami, Ahmad and Smith, Virginia},
  booktitle={International Conference on Learning Representations},
  year={2019}
}
@inproceedings{malinovskiy2020local,
  title={From local SGD to local fixed-point methods for federated learning},
  author={Malinovskiy, Grigory and Kovalev, Dmitry and Gasanov, Elnur and Condat, Laurent and Richtarik, Peter},
  booktitle={International Conference on Machine Learning},
  pages={6692--6701},
  year={2020},
  organization={PMLR}
}

@InProceedings{SCAFFOLD,
  title = 	 {{SCAFFOLD}: Stochastic Controlled Averaging for Federated Learning},
  author =       {Karimireddy, Sai Praneeth and Kale, Satyen and Mohri, Mehryar and Reddi, Sashank and Stich, Sebastian and Suresh, Ananda Theertha},
  booktitle = 	 {Proceedings of the 37th International Conference on Machine Learning},
  pages = 	 {5132--5143},
  year = 	 {2020},
  editor = 	 {III, Hal Daumé and Singh, Aarti},
  volume = 	 {119},
  series = 	 {Proceedings of Machine Learning Research},
  month = 	 {13--18 Jul},
  publisher =    {PMLR},
}


@inproceedings{FedDyn,
  title={Federated Learning Based on Dynamic Regularization},
  author={Acar, Durmus Alp Emre and Zhao, Yue and Matas, Ramon and Mattina, Matthew and Whatmough, Paul and Saligrama, Venkatesh},
  booktitle={International Conference on Learning Representations},
  year={2020}
}




@inproceedings{FCCL,
  title={Learn From Others and Be Yourself in Heterogeneous Federated Learning},
  author={Huang, Wenke and Ye, Mang and Du, Bo},
  booktitle={Proceedings of the IEEE/CVF Conference on Computer Vision and Pattern Recognition},
  pages={10143--10153},
  year={2022}
}

@inproceedings{hsieh2020non,
  title={The non-iid data quagmire of decentralized machine learning},
  author={Hsieh, Kevin and Phanishayee, Amar and Mutlu, Onur and Gibbons, Phillip},
  booktitle={International Conference on Machine Learning},
  pages={4387--4398},
  year={2020},
  organization={PMLR}
}

@article{li2020federated,
  title={Federated optimization in heterogeneous networks},
  author={Li, Tian and Sahu, Anit Kumar and Zaheer, Manzil and Sanjabi, Maziar and Talwalkar, Ameet and Smith, Virginia},
  journal={Proceedings of Machine Learning and Systems},
  volume={2},
  pages={429--450},
  year={2020}
}

@article{zhang2022splitavg,
  title={SplitAVG: A heterogeneity-aware federated deep learning method for medical imaging},
  author={Zhang, Miao and Qu, Liangqiong and Singh, Praveer and Kalpathy-Cramer, Jayashree and Rubin, Daniel L},
  journal={IEEE Journal of Biomedical and Health Informatics},
  year={2022},
  publisher={IEEE}
}

@article{zhao2018federated,
  title={Federated learning with non-iid data},
  author={Zhao, Yue and Li, Meng and Lai, Liangzhen and Suda, Naveen and Civin, Damon and Chandra, Vikas},
  journal={arXiv preprint arXiv:1806.00582},
  year={2018}
}


@article{chang2018distributed,
  title={Distributed deep learning networks among institutions for medical imaging},
  author={Chang, Ken and Balachandar, Niranjan and Lam, Carson and Yi, Darvin and Brown, James and Beers, Andrew and Rosen, Bruce and Rubin, Daniel L and Kalpathy-Cramer, Jayashree},
  journal={Journal of the American Medical Informatics Association},
  volume={25},
  number={8},
  pages={945--954},
  year={2018},
  publisher={Oxford University Press}
}


@article{gupta2021addressing,
  title={Addressing catastrophic forgetting for medical domain expansion},
  author={Gupta, Sharut and Singh, Praveer and Chang, Ken and Qu, Liangqiong and Aggarwal, Mehak and Arun, Nishanth and Vaswani, Ashwin and Raghavan, Shruti and Agarwal, Vibha and Gidwani, Mishka and others},
  journal={arXiv preprint arXiv:2103.13511},
  year={2021}
}

@article{sheller2020federated,
  title={Federated learning in medicine: facilitating multi-institutional collaborations without sharing patient data},
  author={Sheller, Micah J and Edwards, Brandon and Reina, G Anthony and Martin, Jason and Pati, Sarthak and Kotrotsou, Aikaterini and Milchenko, Mikhail and Xu, Weilin and Marcus, Daniel and Colen, Rivka R and others},
  journal={Scientific reports},
  volume={10},
  number={1},
  pages={1--12},
  year={2020},
  publisher={Nature Publishing Group}
}


@InProceedings{FedAlign,
    author    = {Mendieta, Matias and Yang, Taojiannan and Wang, Pu and Lee, Minwoo and Ding, Zhengming and Chen, Chen},
    title     = {Local Learning Matters: Rethinking Data Heterogeneity in Federated Learning},
    booktitle = {Proceedings of the IEEE/CVF Conference on Computer Vision and Pattern Recognition (CVPR)},
    month     = {June},
    year      = {2022},
    pages     = {8397-8406}
}
@inproceedings{imbalance,
  title={Crest: A class-rebalancing self-training framework for imbalanced semi-supervised learning},
  author={Wei, Chen and Sohn, Kihyuk and Mellina, Clayton and Yuille, Alan and Yang, Fan},
  booktitle={Proceedings of the IEEE/CVF conference on computer vision and pattern recognition},
  pages={10857--10866},
  year={2021}
}

@InProceedings{Qu_2022_CVPR,
    author    = {Qu, Liangqiong and Zhou, Yuyin and Liang, Paul Pu and Xia, Yingda and Wang, Feifei and Adeli, Ehsan and Fei-Fei, Li and Rubin, Daniel},
    title     = {Rethinking Architecture Design for Tackling Data Heterogeneity in Federated Learning},
    booktitle = {Proceedings of the IEEE/CVF Conference on Computer Vision and Pattern Recognition (CVPR)},
    month     = {June},
    year      = {2022},
    pages     = {10061-10071}
}

@inproceedings{FEDAVG,
  title={Communication-efficient learning of deep networks from decentralized data},
  author={McMahan, Brendan and Moore, Eider and Ramage, Daniel and Hampson, Seth and y Arcas, Blaise Aguera},
  booktitle={Artificial intelligence and statistics},
  pages={1273--1282},
  year={2017},
  organization={PMLR}
}

@article{kairouz2021advances,
  title={Advances and open problems in federated learning},
  author={Kairouz, Peter and McMahan, H Brendan and Avent, Brendan and Bellet, Aur{\'e}lien and Bennis, Mehdi and Bhagoji, Arjun Nitin and Bonawitz, Kallista and Charles, Zachary and Cormode, Graham and Cummings, Rachel and others},
  journal={Foundations and Trends{\textregistered} in Machine Learning},
  volume={14},
  number={1--2},
  pages={1--210},
  year={2021},
  publisher={Now Publishers, Inc.}
}

@article{li2017webvision,
  title={Webvision database: Visual learning and understanding from web data},
  author={Li, Wen and Wang, Limin and Li, Wei and Agustsson, Eirikur and Van Gool, Luc},
  journal={arXiv preprint arXiv:1708.02862},
  year={2017}
}

@inproceedings{mahajan2018exploring,
  title={Exploring the limits of weakly supervised pretraining},
  author={Mahajan, Dhruv and Girshick, Ross and Ramanathan, Vignesh and He, Kaiming and Paluri, Manohar and Li, Yixuan and Bharambe, Ashwin and Van Der Maaten, Laurens},
  booktitle={Proceedings of the European conference on computer vision (ECCV)},
  pages={181--196},
  year={2018}
}

@article{kuznetsova2020open,
  title={The open images dataset v4},
  author={Kuznetsova, Alina and Rom, Hassan and Alldrin, Neil and Uijlings, Jasper and Krasin, Ivan and Pont-Tuset, Jordi and Kamali, Shahab and Popov, Stefan and Malloci, Matteo and Kolesnikov, Alexander and others},
  journal={International Journal of Computer Vision},
  volume={128},
  number={7},
  pages={1956--1981},
  year={2020},
  publisher={Springer}
}

@inproceedings{tanno2019learning,
  title={Learning from noisy labels by regularized estimation of annotator confusion},
  author={Tanno, Ryutaro and Saeedi, Ardavan and Sankaranarayanan, Swami and Alexander, Daniel C and Silberman, Nathan},
  booktitle={Proceedings of the IEEE/CVF conference on computer vision and pattern recognition},
  pages={11244--11253},
  year={2019}
}

@article{zhang2021understanding,
  title={Understanding deep learning (still) requires rethinking generalization},
  author={Zhang, Chiyuan and Bengio, Samy and Hardt, Moritz and Recht, Benjamin and Vinyals, Oriol},
  journal={Communications of the ACM},
  volume={64},
  number={3},
  pages={107--115},
  year={2021},
  publisher={ACM New York, NY, USA}
}

@inproceedings{li2019dividemix,
  title={DivideMix: Learning with Noisy Labels as Semi-supervised Learning},
  author={Li, Junnan and Socher, Richard and Hoi, Steven CH},
  booktitle={International Conference on Learning Representations},
  year={2019}
}

@misc{he2021fedgraphnn,
      title={FedGraphNN: A Federated Learning System and Benchmark for Graph Neural Networks}, 
      author={Chaoyang He and Keshav Balasubramanian and Emir Ceyani and Carl Yang and Han Xie and Lichao Sun and Lifang He and Liangwei Yang and Philip S. Yu and Yu Rong and Peilin Zhao and Junzhou Huang and Murali Annavaram and Salman Avestimehr},
      year={2021},
      eprint={2104.07145},
      archivePrefix={arXiv},
      primaryClass={cs.LG}
}

@inproceedings{zhu2021diurnal,
  title={Diurnal or Nocturnal? Federated Learning of Multi-branch Networks from Periodically Shifting Distributions},
  author={Zhu, Chen and Xu, Zheng and Chen, Mingqing and Kone{\v{c}}n{\`y}, Jakub and Hard, Andrew and Goldstein, Tom},
  booktitle={International Conference on Learning Representations},
  year={2021}
}

@article{marfoq2021federated,
  title={Federated multi-task learning under a mixture of distributions},
  author={Marfoq, Othmane and Neglia, Giovanni and Bellet, Aur{\'e}lien and Kameni, Laetitia and Vidal, Richard},
  journal={Advances in Neural Information Processing Systems},
  volume={34},
  pages={15434--15447},
  year={2021}
}

@inproceedings{liu2021federated,
  title={Federated semi-supervised medical image classification via inter-client relation matching},
  author={Liu, Quande and Yang, Hongzheng and Dou, Qi and Heng, Pheng-Ann},
  booktitle={International Conference on Medical Image Computing and Computer-Assisted Intervention},
  pages={325--335},
  year={2021},
  organization={Springer}
}

@inproceedings{li2022neighborhood,
  title={Neighborhood Collective Estimation for Noisy Label Identification and Correction},
  author={Li, Jichang and Li, Guanbin and Liu, Feng and Yu, Yizhou},
  booktitle={European Conference on Computer Vision},
  year={2022},
  organization={Springer}
}


@inproceedings{tanaka2018joint,
  title={Joint optimization framework for learning with noisy labels},
  author={Tanaka, Daiki and Ikami, Daiki and Yamasaki, Toshihiko and Aizawa, Kiyoharu},
  booktitle={Proceedings of the IEEE conference on computer vision and pattern recognition},
  pages={5552--5560},
  year={2018}
}

@article{han2018co,
  title={Co-teaching: Robust training of deep neural networks with extremely noisy labels},
  author={Han, Bo and Yao, Quanming and Yu, Xingrui and Niu, Gang and Xu, Miao and Hu, Weihua and Tsang, Ivor and Sugiyama, Masashi},
  journal={Advances in neural information processing systems},
  volume={31},
  year={2018}
}

@article{kim2022fedrn,
  title={FedRN: Exploiting k-Reliable Neighbors Towards Robust Federated Learning},
  author={Kim, SangMook and Shin, Wonyoung and Jang, Soohyuk and Song, Hwanjun and Yun, Se-Young},
  journal={arXiv preprint arXiv:2205.01310},
  year={2022}
}

@inproceedings{xu2022fedcorr,
  title={FedCorr: Multi-Stage Federated Learning for Label Noise Correction},
  author={Xu, Jingyi and Chen, Zihan and Quek, Tony QS and Chong, Kai Fong Ernest},
  booktitle={Proceedings of the IEEE/CVF Conference on Computer Vision and Pattern Recognition},
  pages={10184--10193},
  year={2022}
}


@inproceedings{wang2019symmetric,
  title={Symmetric cross entropy for robust learning with noisy labels},
  author={Wang, Yisen and Ma, Xingjun and Chen, Zaiyi and Luo, Yuan and Yi, Jinfeng and Bailey, James},
  booktitle={Proceedings of the IEEE/CVF International Conference on Computer Vision},
  pages={322--330},
  year={2019}
}
@inproceedings{fang2022robust,
  title={Robust Federated Learning With Noisy and Heterogeneous Clients},
  author={Fang, Xiuwen and Ye, Mang},
  booktitle={Proceedings of the IEEE/CVF Conference on Computer Vision and Pattern Recognition},
  pages={10072--10081},
  year={2022}
}
@article{wang2022fednoil,
  title={FedNoiL: A Simple Two-Level Sampling Method for Federated Learning with Noisy Labels},
  author={Wang, Zhuowei and Zhou, Tianyi and Long, Guodong and Han, Bo and Jiang, Jing},
  journal={arXiv preprint arXiv:2205.10110},
  year={2022}
}

@inproceedings{li2022communication,
  title={Communication-Efficient Robust Federated Learning with Noisy Labels},
  author={Li, Junyi and Pei, Jian and Huang, Heng},
  booktitle={Proceedings of the 28th ACM SIGKDD Conference on Knowledge Discovery and Data Mining},
  pages={914--924},
  year={2022}
}


@Inbook{Kumar2021,
author="Kumar, Yogesh
and Singla, Ruchi",
editor="Rehman, Muhammad Habib ur
and Gaber, Mohamed Medhat",
title="Federated Learning Systems for Healthcare: Perspective and Recent Progress",
bookTitle="Federated Learning Systems: Towards Next-Generation AI",
year="2021",
publisher="Springer International Publishing",
address="Cham",
pages="141--156",
}

@article{Healthcare,
author = {Nguyen, Dinh C. and Pham, Quoc-Viet and Pathirana, Pubudu N. and Ding, Ming and Seneviratne, Aruna and Lin, Zihuai and Dobre, Octavia and Hwang, Won-Joo},
title = {Federated Learning for Smart Healthcare: A Survey},
year = {2022},
issue_date = {April 2023},
publisher = {Association for Computing Machinery},
address = {New York, NY, USA},
volume = {55},
number = {3},
issn = {0360-0300},
journal = {ACM Comput. Surv.},
month = {feb},
articleno = {60},
numpages = {37},
keywords = {privacy, smart healthcare, Federated learning}
}

@INPROCEEDINGS{9377942,
  author={Zhao, Shuai and Bharati, Roshani and Borcea, Cristian and Chen, Yi},
  booktitle={2020 IEEE International Conference on Big Data (Big Data)}, 
  title={Privacy-Aware Federated Learning for Page Recommendation}, 
  year={2020},
  volume={},
  number={},
  pages={1071-1080},
  doi={10.1109/BigData50022.2020.9377942}}
  
  @INPROCEEDINGS{9005952,
  author={Qiang, Yang},
  booktitle={2019 IEEE International Conference on Big Data (Big Data)}, 
  title={Federated Recommendation Systems}, 
  year={2019},
  volume={},
  number={},
  pages={1-1},
  doi={10.1109/BigData47090.2019.9005952}}
  
  
  @inproceedings{cheng2022instance,
  title={Instance-Dependent Label-Noise Learning with Manifold-Regularized Transition Matrix Estimation},
  author={Cheng, De and Liu, Tongliang and Ning, Yixiong and Wang, Nannan and Han, Bo and Niu, Gang and Gao, Xinbo and Sugiyama, Masashi},
  booktitle={Proceedings of the IEEE/CVF Conference on Computer Vision and Pattern Recognition},
  pages={16630--16639},
  year={2022}
}

@article{hendrycks2018using,
  title={Using trusted data to train deep networks on labels corrupted by severe noise},
  author={Hendrycks, Dan and Mazeika, Mantas and Wilson, Duncan and Gimpel, Kevin},
  journal={Advances in neural information processing systems},
  volume={31},
  year={2018}
}

@article{xia2019anchor,
  title={Are anchor points really indispensable in label-noise learning?},
  author={Xia, Xiaobo and Liu, Tongliang and Wang, Nannan and Han, Bo and Gong, Chen and Niu, Gang and Sugiyama, Masashi},
  journal={Advances in Neural Information Processing Systems},
  volume={32},
  year={2019}
}

@article{liu2015classification,
  title={Classification with noisy labels by importance reweighting},
  author={Liu, Tongliang and Tao, Dacheng},
  journal={IEEE Transactions on pattern analysis and machine intelligence},
  volume={38},
  number={3},
  pages={447--461},
  year={2015},
  publisher={IEEE}
}
@inproceedings{ren2018learning,
  title={Learning to reweight examples for robust deep learning},
  author={Ren, Mengye and Zeng, Wenyuan and Yang, Bin and Urtasun, Raquel},
  booktitle={International conference on machine learning},
  pages={4334--4343},
  year={2018},
  organization={PMLR}
}


@article{englesson2021generalized,
  title={Generalized jensen-shannon divergence loss for learning with noisy labels},
  author={Englesson, Erik and Azizpour, Hossein},
  journal={Advances in Neural Information Processing Systems},
  volume={34},
  pages={30284--30297},
  year={2021}
}

@inproceedings{acar2020federated,
  title={Federated Learning Based on Dynamic Regularization},
  author={Acar, Durmus Alp Emre and Zhao, Yue and Matas, Ramon and Mattina, Matthew and Whatmough, Paul and Saligrama, Venkatesh},
  booktitle={International Conference on Learning Representations},
  year={2020}
}

@article{wan2021robust,
  title={Robust federated learning with attack-adaptive aggregation},
  author={Wan, Ching Pui and Chen, Qifeng},
  journal={arXiv preprint arXiv:2102.05257},
  year={2021}
}


@article{FedProx,
  title={Federated optimization in heterogeneous networks},
  author={Li, Tian and Sahu, Anit Kumar and Zaheer, Manzil and Sanjabi, Maziar and Talwalkar, Ameet and Smith, Virginia},
  journal={Proceedings of Machine Learning and Systems},
  volume={2},
  pages={429--450},
  year={2020}
}

@article{RoFL,
  title={Robust federated learning with noisy labels},
  author={Yang, Seunghan and Park, Hyoungseob and Byun, Junyoung and Kim, Changick},
  journal={IEEE Intelligent Systems},
  volume={37},
  number={2},
  pages={35--43},
  year={2022},
  publisher={IEEE}
}

@article{ARFL,
  title={Attack-resistant federated learning with residual-based reweighting},
  author={Fu, Shuhao and Xie, Chulin and Li, Bo and Chen, Qifeng},
  journal={arXiv preprint arXiv:1912.11464},
  year={2019}
}


@article{holland1986statistics,
  title={Statistics and causal inference},
  author={Holland, Paul W},
  journal={Journal of the American statistical Association},
  volume={81},
  number={396},
  pages={945--960},
  year={1986},
  publisher={Taylor \& Francis}
}

@article{pearl2009causal,
  title={Causal inference in statistics: An overview},
  author={Pearl, Judea},
  journal={Statistics surveys},
  volume={3},
  pages={96--146},
  year={2009},
  publisher={Amer. Statist. Assoc., the Bernoulli Soc., the Inst. Math. Statist., and the~…}
}

@article{GMM_EM,
  title={Maximum likelihood from incomplete data via the EM algorithm},
  author={Dempster, Arthur P and Laird, Nan M and Rubin, Donald B},
  journal={Journal of the Royal Statistical Society: Series B (Methodological)},
  volume={39},
  number={1},
  pages={1--22},
  year={1977},
  publisher={Wiley Online Library}
}


@article{healthcare1,
  title={Federated learning for smart healthcare: A survey},
  author={Nguyen, Dinh C and Pham, Quoc-Viet and Pathirana, Pubudu N and Ding, Ming and Seneviratne, Aruna and Lin, Zihuai and Dobre, Octavia and Hwang, Won-Joo},
  journal={ACM Computing Surveys (CSUR)},
  volume={55},
  number={3},
  pages={1--37},
  year={2022},
  publisher={ACM New York, NY}
}

@article{healthcare21,
  title={Federated learning systems for healthcare: perspective and recent progress},
  author={Kumar, Yogesh and Singla, Ruchi},
  journal={Federated Learning Systems},
  pages={141--156},
  year={2021},
  publisher={Springer}
}

@inproceedings{resnet,
  title={Deep residual learning for image recognition},
  author={He, Kaiming and Zhang, Xiangyu and Ren, Shaoqing and Sun, Jian},
  booktitle={Proceedings of the IEEE conference on computer vision and pattern recognition},
  pages={770--778},
  year={2016}
}

@article{healthcare3,
  title={Federated Learning for Healthcare: Systematic Review and Architecture Proposal},
  author={Antunes, Rodolfo Stoffel and Andr{\'e} da Costa, Cristiano and K{\"u}derle, Arne and Yari, Imrana Abdullahi and Eskofier, Bj{\"o}rn},
  journal={ACM Transactions on Intelligent Systems and Technology (TIST)},
  volume={13},
  number={4},
  pages={1--23},
  year={2022},
  publisher={ACM New York, NY}
}

@inproceedings{BMM,
  title={Unsupervised label noise modeling and loss correction},
  author={Arazo, Eric and Ortego, Diego and Albert, Paul and O’Connor, Noel and McGuinness, Kevin},
  booktitle={International conference on machine learning},
  pages={312--321},
  year={2019},
  organization={PMLR}
}

@article{smartcity2,
  title={Federated learning for internet of things: A comprehensive survey},
  author={Nguyen, Dinh C and Ding, Ming and Pathirana, Pubudu N and Seneviratne, Aruna and Li, Jun and Poor, H Vincent},
  journal={IEEE Communications Surveys \& Tutorials},
  volume={23},
  number={3},
  pages={1622--1658},
  year={2021},
  publisher={IEEE}
}

@article{smartcity1,
  title={Applications of federated learning in smart cities: recent advances, taxonomy, and open challenges},
  author={Zheng, Zhaohua and Zhou, Yize and Sun, Yilong and Wang, Zhang and Liu, Boyi and Li, Keqiu},
  journal={Connection Science},
  volume={34},
  number={1},
  pages={1--28},
  year={2022},
  publisher={Taylor \& Francis}
}

@incollection{recommendation1,
  title={Federated recommendation systems},
  author={Yang, Liu and Tan, Ben and Zheng, Vincent W and Chen, Kai and Yang, Qiang},
  booktitle={Federated Learning},
  pages={225--239},
  year={2020},
  publisher={Springer}
}

@inproceedings{recommendation2,
  title={A federated recommender system for online services},
  author={Tan, Ben and Liu, Bo and Zheng, Vincent and Yang, Qiang},
  booktitle={Fourteenth ACM Conference on Recommender Systems},
  pages={579--581},
  year={2020}
}

@inproceedings{recommendation3,
  title={A Novel Privacy-Preserved Recommender System Framework based on Federated Learning},
  author={Qin, Jiangcheng and Liu, Baisong and Qian, Jiangbo},
  booktitle={2021 The 4th International Conference on Software Engineering and Information Management},
  pages={82--88},
  year={2021}
}

@inproceedings{noisememory1,
  title={Multi-objective interpolation training for robustness to label noise},
  author={Ortego, Diego and Arazo, Eric and Albert, Paul and O'Connor, Noel E and McGuinness, Kevin},
  booktitle={Proceedings of the IEEE/CVF Conference on Computer Vision and Pattern Recognition},
  pages={6606--6615},
  year={2021}
}

@article{noisememory2,
  title={Mitigating Memorization in Sample Selection for Learning with Noisy Labels},
  author={Kong, Kyeongbo and Lee, Junggi and Kwak, Youngchul and Cho, Young-Rae and Kim, Seong-Eun and Song, Woo-Jin},
  journal={arXiv preprint arXiv:2107.07041},
  year={2021}
}

@inproceedings{
noisememory3,
title={Robust early-learning: Hindering the memorization of noisy labels},
author={Xiaobo Xia and Tongliang Liu and Bo Han and Chen Gong and Nannan Wang and Zongyuan Ge and Yi Chang},
booktitle={International Conference on Learning Representations},
year={2021},
}


@inproceedings{
noisememory5,
title={Understanding deep learning requires rethinking generalization},
author={Chiyuan Zhang and Samy Bengio and Moritz Hardt and Benjamin Recht and Oriol Vinyals},
booktitle={International Conference on Learning Representations},
year={2017},
}

@inproceedings{noisememory6,
  title={Mutual Quantization for Cross-Modal Search With Noisy Labels},
  author={Yang, Erkun and Yao, Dongren and Liu, Tongliang and Deng, Cheng},
  booktitle={Proceedings of the IEEE/CVF Conference on Computer Vision and Pattern Recognition},
  pages={7551--7560},
  year={2022}
}

@article{lin2020ensemble,
  title={Ensemble distillation for robust model fusion in federated learning},
  author={Lin, Tao and Kong, Lingjing and Stich, Sebastian U and Jaggi, Martin},
  journal={Advances in Neural Information Processing Systems},
  volume={33},
  pages={2351--2363},
  year={2020}
}

@inproceedings{zhu2021diurnal002,
  title={Diurnal or nocturnal? federated learning of multi-branch networks from periodically shifting distributions},
  author={Zhu, Chen et. al.},
  booktitle={ICLR},
  year={2021}
}

@inproceedings{li2019dividemix002,
  title={DivideMix: Learning with Noisy Labels as Semi-supervised Learning},
  author={Li, Junnan et. al.},
  booktitle={ICLR},
  year={2019}
}



@article{li2019relation,
  title={Relation classification via keyword-attentive sentence mechanism and synthetic stimulation loss},
  author={Li, Luoqin and Wang, Jiabing and Li, Jichang and Ma, Qianli and Wei, Jia},
  journal={IEEE/ACM Transactions on Audio, Speech, and Language Processing},
  volume={27},
  number={9},
  pages={1392--1404},
  year={2019},
  publisher={IEEE}
}


@inproceedings{wu2019mutual,
  title={Mutual learning of complementary networks via residual correction for improving semi-supervised classification},
  author={Wu, Si and Li, Jichang and Liu, Cheng and Yu, Zhiwen and Wong, Hau-San},
  booktitle={Proceedings of the IEEE/CVF conference on computer vision and pattern recognition},
  pages={6500--6509},
  year={2019}
}

@article{li2023adaptive,
  title={Adaptive Betweenness Clustering for Semi-Supervised Domain Adaptation},
  author={Li, Jichang and Li, Guanbin and Yu, Yizhou},
  journal={IEEE Transactions on Image Processing},
  year={2023},
  publisher={IEEE}
}

@inproceedings{huang2023divide,
  title={Divide and Adapt: Active Domain Adaptation via Customized Learning},
  author={Huang, Duojun and Li, Jichang and Chen, Weikai and Huang, Junshi and Chai, Zhenhua and Li, Guanbin},
  booktitle={Proceedings of the IEEE/CVF Conference on Computer Vision and Pattern Recognition},
  pages={7651--7660},
  year={2023}
}

@inproceedings{wu2019enhancing,
  title={Enhancing TripleGAN for semi-supervised conditional instance synthesis and classification},
  author={Wu, Si and Deng, Guangchang and Li, Jichang and Li, Rui and Yu, Zhiwen and Wong, Hau-San},
  booktitle={Proceedings of the IEEE/CVF Conference on Computer Vision and Pattern Recognition},
  pages={10091--10100},
  year={2019}
}

@InProceedings{li2021cross,
    author    = {Li, Jichang and Li, Guanbin and Shi, Yemin and Yu, Yizhou},
    title     = {Cross-Domain Adaptive Clustering for Semi-Supervised Domain Adaptation},
    booktitle = {Proceedings of the IEEE/CVF Conference on Computer Vision and Pattern Recognition (CVPR)},
    month     = {June},
    year      = {2021},
    pages     = {2505-2514}
}

@article{li2019semi,
  title={Semi-supervised deep coupled ensemble learning with classification landmark exploration},
  author={Li, Jichang and Wu, Si and Liu, Cheng and Yu, Zhiwen and Wong, Hau-San},
  journal={IEEE Transactions on Image Processing},
  volume={29},
  pages={538--550},
  year={2019},
  publisher={IEEE}
}

@article{li2023betweenness,
  title={Adaptive Betweenness Clustering for Semi-Supervised Domain Adaptation},
  author={Li, Jichang and Li, Guanbin and Yu, Yizhou},
  journal={IEEE Transactions on Image Processing},
  year={2023},
  publisher={IEEE}
}

@article{li2023idm,
  title={Inter-Domain Mixup for Semi-Supervised Domain Adaptation},
  author={Li, Jichang and Li, Guanbin and Yu, Yizhou},
  journal={Pattern Recognition},
  year={2023},
  publisher={Elsevier}
}