@article{DBLP:journals/jair/KellerHH19a,
  author    = {Orgad Keller and
               Avinatan Hassidim and
               Noam Hazon},
  title     = {Approximating Weighted and Priced Bribery in Scoring Rules},
  journal   = {J. Artif. Intell. Res.},
  volume    = {66},
  pages     = {1057--1098},
  year      = {2019}
}


@inproceedings{DBLP:conf/ictcs/MehriziCCDP19,
  author    = {Mohammad Abouei Mehrizi and
               Federico Cor{\`{o}} and
               Emilio Cruciani and
               Gianlorenzo D'Angelo and
               Stefano Ponziani},
  title     = {Models and Algorithms for Election Control through Influence Maximization},
  booktitle = {Proceedings of the 20th Italian Conference on Theoretical Computer
               Science},
  series    = {{CEUR} Workshop Proceedings},
  volume    = {2504},
  pages     = {97--103},
  publisher = {CEUR-WS.org},
  year      = {2019},
  timestamp = {Wed, 12 Feb 2020 16:44:17 +0100},
  biburl    = {https://dblp.org/rec/conf/ictcs/MehriziCCDP19.bib},
  bibsource = {dblp computer science bibliography, https://dblp.org}
}

@inproceedings{DBLP:conf/aaai/CastiglioniF020,
  author    = {Matteo Castiglioni and
               Diodato Ferraioli and
               Nicola Gatti},
  title     = {Election Control in Social Networks via Edge Addition or Removal},
  booktitle = {Proceedings of the 34th {AAAI} Conference on Artificial Intelligence},
  pages     = {1878--1885},
  publisher = {{AAAI} Press},
  year      = {2020},
  timestamp = {Fri, 05 Jun 2020 10:29:48 +0200},
  biburl    = {https://dblp.org/rec/conf/aaai/CastiglioniF020.bib},
  bibsource = {dblp computer science bibliography, https://dblp.org}
}


@inproceedings{DBLP:conf/atal/BriskornER16,
  author    = {Dirk Briskorn and
               G{\'{a}}bor Erd{\'{e}}lyi and
               Christian Reger},
  title     = {Bribery in k-Approval and k-Veto Under Partial Information: (Extended
               Abstract)},
  booktitle = {Proceedings of the 15th International Conference on Autonomous Agents
               and Multiagent Systems},
  pages     = {1299--1300},
  publisher = {{ACM}},
  year      = {2016},
  timestamp = {Fri, 20 May 2016 21:03:38 +0200},
  biburl    = {https://dblp.org/rec/conf/atal/BriskornER16.bib},
  bibsource = {dblp computer science bibliography, https://dblp.org}
}

@article{DBLP:journals/corr/abs-2006-07832,
  author    = {Deval Patel and
               Arindam Khan and
               Anand Louis},
  title     = {Group Fairness for Knapsack Problems},
  journal   = {CoRR},
  volume    = {abs/2006.07832},
  year      = {2020}
}

@misc{guardian-trump-facebook-ad,
  author={Julia Carrie Wong},
  title = {One Year Inside Trump's Monumental Facebook Campaign},
  howpublished = {https://www.theguardian.com/us-news/2020/jan/28/donald-trump-facebook-ad-campaign-2020-election},
  year={2020},
  note = {Accessed: 2020-08-11}
}

@inproceedings{elkind2010approximation,
  author    = {Edith Elkind and
               Piotr Faliszewski},
  title     = {Approximation Algorithms for Campaign Management},
  booktitle = {Proceedings of Internet and Network Economics - 6th International Workshop},
  series    = {Lecture Notes in Computer Science},
  volume    = {6484},
  pages     = {473--482},
  publisher = {Springer},
  year      = {2010},
  timestamp = {Tue, 14 May 2019 10:00:37 +0200},
  biburl    = {https://dblp.org/rec/conf/wine/ElkindF10.bib},
  bibsource = {dblp computer science bibliography, https://dblp.org}
}


@inproceedings{faliszewski2006complexity,
  author    = {Piotr Faliszewski and
               Edith Hemaspaandra and
               Lane A. Hemaspaandra},
  title     = {The Complexity of Bribery in Elections},
  booktitle = {Proceedings of the 21st National Conference on Artificial Intelligence},
  pages     = {641--646},
  publisher = {{AAAI} Press},
  year      = {2006},
  timestamp = {Wed, 06 Feb 2019 12:16:53 +0100},
  biburl    = {https://dblp.org/rec/conf/aaai/FaliszewskiHH06.bib},
  bibsource = {dblp computer science bibliography, https://dblp.org}
}

@article{lin2012solving,
  title={Solving hard problems in election systems},
  author={Lin, Andrew},
  year={2012}
}

@article{DBLP:journals/jair/FaliszewskiHH09,
  author    = {Piotr Faliszewski and
               Edith Hemaspaandra and
               Lane A. Hemaspaandra},
  title     = {How Hard Is Bribery in Elections?},
  journal   = {J. Artif. Intell. Res.},
  volume    = {35},
  pages     = {485--532},
  year      = {2009},
  timestamp = {Mon, 16 Sep 2019 14:52:54 +0200},
  biburl    = {https://dblp.org/rec/journals/jair/FaliszewskiHH09.bib},
  bibsource = {dblp computer science bibliography, https://dblp.org}
}

@book{garey1979computers,
  author = {Garey, M. R. and Johnson, D. S.},
  publisher = {W. H. Freeman},
  timestamp = {2011-09-01T15:03:14.000+0200},
  title = {Computers and Intractability: A Guide to the Theory of NP-Completeness},
  year = 1979
}

@book{cormen2009introduction,
  title={Introduction to Algorithms},
  author={Cormen, Thomas H and Leiserson, Charles E and Rivest, Ronald L and Stein, Clifford},
  year={2009},
  publisher={MIT press}
}

@inproceedings{duh1997approximation,
  title={Approximation of k-set cover by semi-local optimization},
  author={Duh, Rong-chii and F{\"u}rer, Martin},
  booktitle={STOC},
  volume={97},
  pages={256--264},
  year={1997}
}


@article{DBLP:journals/jacm/GoldbergT89,
  author    = {Andrew V. Goldberg and
               Robert Endre Tarjan},
  title     = {Finding minimum-cost circulations by canceling negative cycles},
  journal   = {J. {ACM}},
  volume    = {36},
  number    = {4},
  pages     = {873--886},
  year      = {1989}
}
@article{DBLP:journals/disopt/Binkele-RaibleEFGMR14,
  author    = {Daniel Binkele{-}Raible and
               G{\'{a}}bor Erd{\'{e}}lyi and
               Henning Fernau and
               Judy Goldsmith and
               Nicholas Mattei and
               J{\"{o}}rg Rothe},
  title     = {The complexity of probabilistic lobbying},
  journal   = {Discrete Optimization},
  volume    = {11},
  pages     = {1--21},
  year      = {2014}
}

@article{DBLP:journals/jair/BredereckFNT16,
  author    = {Robert Bredereck and
               Piotr Faliszewski and
               Rolf Niedermeier and
               Nimrod Talmon},
  title     = {Large-Scale Election Campaigns: Combinatorial Shift Bribery},
  journal   = {J. Artif. Intell. Res.},
  volume    = {55},
  pages     = {603--652},
  year      = {2016}
}

@inproceedings{DBLP:conf/atal/MaushagenNRS18,
  author    = {Cynthia Maushagen and
               Marc Neveling and
               J{\"{o}}rg Rothe and
               Ann{-}Kathrin Selker},
  title     = {Complexity of Shift Bribery in Iterative Elections},
  booktitle = {Proceedings of the 17th International Conference on Autonomous Agents
               and Multiagent Systems},
  pages     = {1567--1575},
  publisher = {{IFAAMAS} / {ACM}},
  year      = {2018},
  timestamp = {Mon, 16 Jul 2018 09:21:17 +0200},
  biburl    = {https://dblp.org/rec/conf/atal/MaushagenNRS18.bib},
  bibsource = {dblp computer science bibliography, https://dblp.org}
}

@article{DBLP:journals/algorithmica/SchlotterFE17,
  author    = {Ildik{\'{o}} Schlotter and
               Piotr Faliszewski and
               Edith Elkind},
  title     = {Campaign Management Under Approval-Driven Voting Rules},
  journal   = {Algorithmica},
  volume    = {77},
  number    = {1},
  pages     = {84--115},
  year      = {2017}
}


@article{iyer2005targeting,
  title={The Targeting of Advertising},
  author={Iyer, Ganesh and Soberman, David and Villas-Boas, J Miguel},
  journal={Marketing Science},
  volume={24},
  number={3},
  pages={461--476},
  year={2005}
}

@article{johnson2013targeted,
  title={Targeted Advertising and Advertising Avoidance},
  author={Johnson, Justin P},
  journal={The RAND Journal of Economics},
  volume={44},
  number={1},
  pages={128--144},
  year={2013},
  publisher={Wiley Online Library}
}

@inproceedings{DBLP:conf/atal/FaliszewskiST17,
  author    = {Piotr Faliszewski and
               Piotr Skowron and
               Nimrod Talmon},
  title     = {Bribery as a Measure of Candidate Success: Complexity Results for
               Approval-Based Multiwinner Rules},
  booktitle = {{AAMAS}},
  pages     = {6--14},
  publisher = {{ACM}},
  year      = {2017}
}

@article{DBLP:journals/jair/KellerHH19b,
  author    = {Orgad Keller and
               Avinatan Hassidim and
               Noam Hazon},
  title     = {New Approximations for Coalitional Manipulation in Scoring Rules},
  journal   = {J. Artif. Intell. Res.},
  volume    = {64},
  pages     = {109--145},
  year      = {2019}
}

@article{haselmayer2019negative,
  title={Negative Campaigning and its Consequences: a Review and a Look Ahead},
  author={Haselmayer, Martin},
  journal={French Politics},
  pages={1--18},
  year={2019},
  publisher={Springer}
}

@misc{andrews2012,
title={Mad Money: {TV} Ads in the 2012 Presidential Campaign},
author={Wilson Andrews and Dan Keating and Karen Yourish},
journal={The Washington Post},
year={2012},
howpublished={https://www.washingtonpost.com/wp-srv/special/politics/track-presidential-campaign-ads-2012/},
note={Accessed: 2020-08-11}
}

@misc{phillips2012,
title={How Negative Political Campaigning Is Crippling {America}},
author={Todd Phillips},
journal={The Huffington Post},
year={2012},
howpublished={https://www.huffpost.com/entry/negative-political-campaigning\_b\_1554744},
note={Accessed: 2020-01-12}
}

@book{mattes2014positive,
  title={The Positive Case for Negative Campaigning},
  author={Mattes, Kyle and Redlawsk, David P},
  year={2014},
  publisher={University of Chicago Press}
}
@book{cicero2012win,
  title={How to Win an Election: an Ancient Guide for Modern Politicians},
  author={Cicero, Quintus Tullius},
  note = {Translated by Philip Freeman},
  year={2012},
  publisher={Princeton University Press}
}
@article{fridkin2011variability,
  title={Variability in Citizens’ Reactions to Different Types of Negative Campaigns},
  author={Fridkin, Kim L and Kenney, Patrick},
  journal={American Journal of Political Science},
  volume={55},
  number={2},
  pages={307--325},
  year={2011},
  publisher={Wiley Online Library}
}

@article{fowler2014political,
  title={Political Advertising in 2014: The Year of the Outside Group},
  author={Franklin Fowler, Erika  and Ridout, Travis N},
  journal={The Forum},
  volume={12},
  number={4},
  pages={663--684},
  year={2014},
  publisher={De Gruyter}
}

@inproceedings{DBLP:conf/stoc/DinurS14,
  author    = {Irit Dinur and
               David Steurer},
  title     = {Analytical Approach to Parallel Repetition},
  booktitle = {Proceedings of the 46th Symposium on Theory of Computing},
  pages     = {624--633},
  publisher = {{ACM}},
  year      = {2014},
  timestamp = {Tue, 06 Nov 2018 11:07:06 +0100},
  biburl    = {https://dblp.org/rec/conf/stoc/DinurS14.bib},
  bibsource = {dblp computer science bibliography, https://dblp.org}
}

@inproceedings{DBLP:conf/aaai/FaliszewskiMS19,
  author    = {Piotr Faliszewski and
               Pasin Manurangsi and
               Krzysztof Sornat},
  title     = {Approximation and Hardness of Shift-Bribery},
  booktitle = {Proceedings of the 33rd {AAAI} Conference on Artificial Intelligence},
  pages     = {1901--1908},
  publisher = {{AAAI} Press},
  year      = {2019},
  timestamp = {Wed, 25 Sep 2019 11:05:08 +0200},
  biburl    = {https://dblp.org/rec/conf/aaai/FaliszewskiMS19.bib},
  bibsource = {dblp computer science bibliography, https://dblp.org}
}

@article{DBLP:journals/tcci/PutF16,
  author    = {Tomasz Put and
               Piotr Faliszewski},
  title     = {The Complexity of Voter Control and Shift Bribery Under Parliament
               Choosing Rules},
  journal   = {Trans. Comput. Collect. Intell.},
  volume    = {23},
  pages     = {29--50},
  year      = {2016},
  timestamp = {Fri, 06 Mar 2020 21:54:50 +0100},
  biburl    = {https://dblp.org/rec/journals/tcci/PutF16.bib},
  bibsource = {dblp computer science bibliography, https://dblp.org}
}


@inproceedings{DBLP:conf/atal/ProcacciaR07,
  author    = {Ariel D. Procaccia and
               Jeffrey S. Rosenschein},
  title     = {Average-case tractability of manipulation in voting via the fraction
               of manipulators},
  booktitle = {{AAMAS}},
  pages     = {105},
  publisher = {{IFAAMAS}},
  year      = {2007}
}

@article{DBLP:journals/jair/FaliszewskiHHR09,
  author    = {Piotr Faliszewski and
               Edith Hemaspaandra and
               Lane A. Hemaspaandra and
               J{\"{o}}rg Rothe},
  title     = {Llull and Copeland Voting Computationally Resist Bribery and Constructive
               Control},
  journal   = {J. Artif. Intell. Res.},
  volume    = {35},
  pages     = {275--341},
  year      = {2009}
}

@book{arrow2012social,
  title={Social choice and individual values},
  author={Arrow, Kenneth J},
  volume={12},
  year={2012},
  publisher={Yale university press}
}

@book{arrow1951social,
  title={Social Change and Individual Values},
  author={Arrow, Kenneth Joseph},
  year={1951},
  publisher={Wiley}
}

@book{poundstone2008gaming,
  title={Gaming the vote: Why elections aren't fair (and what we can do about it)},
  author={Poundstone, William},
  year={2008},
  publisher={Macmillan}
}

@misc{newyorktimes2,
	author = {Matthew Rosenberg and Nicholas Confessore and Carole Cadwalladr},
	title = {How {Trump} Consultants Exploited the {Facebook} Data of Millions},
	howpublished = {
https://www.nytimes.com/2018/03/17/us/politics/cambridge-analytica-trump-campaign.html},
	year      = {2018},
	note = {Accessed: 2018-05-11}
}

@misc{newyorktimes3,
	author = {Matthew Rosenberg and Gabriel J.X. Dance},
	title = {`You Are the Product': Targeted by {Cambridge Analytica} on {Facebook}},
	howpublished = {
https://www.nytimes.com/2018/04/08/us/facebook-users-data-harvested-cambridge-analytica.html},
	year      = {2018},
	note = {Accessed: 2018-05-11}
}



@misc{newyorktimes1,
	author = {Marc Lacey},
	title = {Republican Runs Street People on Green Ticket},
	howpublished = {
https://www.nytimes.com/2010/09/07/us/politics/07candidates.html},
	year      = {2010},
	note = {Accessed: 2018-04-29}
}

@misc{newyorker1,
	author = {Sue Halpern},
	title = {{Cambridge Analytica} and the Perils of {Psychographics}},
	howpublished = {https://www.newyorker.com/news/news-desk/cambridge-analytica-and-the-perils-of-psychographics},
	year      = {2018},
	note = {Accessed: 2018-04-29}
}

@misc{newyorker2,
	author = {David Remnick},
	title = {{Cambridge Analytica} and a Moral Reckoning in {Silicon Valley}},
	howpublished = {https://www.newyorker.com/magazine/2018/04/02/cambridge-analytica-and-a-moral-reckoning-in-silicon-valley},
	year      = {2018},
	note = {Accessed: 2018-04-29}
}

@misc{newyorker3,
	author = {Dorothy Wickenden},
	title = {{Cambridge Analytica} and the Dark Arts of Voter Manipulation },
	howpublished = {https://www.newyorker.com/podcast/political-scene/cambridge-analytica-and-the-dark-arts-of-voter-manipulation},
	year      = {2018},
	note = {Accessed: 2018-04-29}
}


@article{DBLP:journals/jacm/LiuL73,
  author    = {C. L. Liu and
               James W. Layland},
  title     = {Scheduling Algorithms for Multiprogramming in a Hard-Real-Time Environment},
  journal   = {J. {ACM}},
  volume    = {20},
  number    = {1},
  pages     = {46--61},
  year      = {1973}
}

@book{pareto1964cours,
	title={Cours d'{\'e}conomie politique},
	author={Pareto, Vilfredo},
	volume={1},
	year={1964},
	publisher={Librairie Droz}
}

@misc{hillary,
	author = {Jeremy W. Peters and Yamiche Alcindor},
	title = {{Hillary Clinton} Struggles to Win Back Young Voters From Third Parties},
	howpublished = {https://www.nytimes.com/2016/09/29/us/politics/hillary-clinton-millennials-third-party.html},
	year      = {2016},
	note = {Accessed: 2017-08-31}
}

@article{DBLP:journals/siamcomp/HopcroftK73,
  author    = {John E. Hopcroft and
               Richard M. Karp},
  title     = {An \(n^{5/2}\) Algorithm for Maximum Matchings in Bipartite
               Graphs},
  journal   = {{SIAM} Journal on Computing},
  volume    = {2},
  number    = {4},
  pages     = {225--231},
  year      = {1973}
}


@inproceedings{DBLP:conf/atal/Faliszewski08,
  author    = {Piotr Faliszewski},
  title     = {Nonuniform Bribery},
  booktitle = {Proceedings of the 7th International Conference on Autonomous Agents and Multiagent
               Systems},
  pages     = {1569--1572},
  publisher = {{IFAAMAS}},
  year      = {2008},
  timestamp = {Fri, 30 Nov 2018 02:24:54 +0100},
  biburl    = {https://dblp.org/rec/conf/atal/Faliszewski08.bib},
  bibsource = {dblp computer science bibliography, https://dblp.org}
}

@article{edmonds1972theoretical,
  title={Theoretical Improvements in Algorithmic Efficiency for Network Flow Problems},
  author={Edmonds, Jack and Karp, Richard M},
  journal={Journal of the ACM (JACM)},
  volume={19},
  number={2},
  pages={248--264},
  year={1972},
  publisher={ACM}
}

@article{orlin1997polynomial,
  title={A polynomial time primal network simplex algorithm for minimum cost flows},
  author={Orlin, James B},
  journal={Mathematical Programming},
  volume={78},
  number={2},
  pages={109--129},
  year={1997},
  publisher={Springer}
}

@inproceedings{DBLP:conf/sagt/ElkindFS09,
  author    = {Edith Elkind and
               Piotr Faliszewski and
               Arkadii M. Slinko},
  title     = {Swap Bribery},
  booktitle = {Proceedings of Algorithmic Game Theory, 2nd International Symposium},
  series    = {Lecture Notes in Computer Science},
  volume    = {5814},
  pages     = {299--310},
  publisher = {Springer},
  year      = {2009},
  timestamp = {Sun, 02 Jun 2019 21:23:01 +0200},
  biburl    = {https://dblp.org/rec/conf/sagt/ElkindFS09.bib},
  bibsource = {dblp computer science bibliography, https://dblp.org}
}

@incollection{DBLP:reference/choice/FaliszewskiR16,
  author    = {Piotr Faliszewski and
               J{\"{o}}rg Rothe},
  title     = {Control and Bribery in Voting},
  booktitle = {Handbook of Computational Social Choice},
  pages     = {146--168},
  publisher = {Cambridge University Press},
  year      = {2016}
}

@inproceedings{DBLP:conf/aaai/BredereckFNT16,
  author    = {Robert Bredereck and
               Piotr Faliszewski and
               Rolf Niedermeier and
               Nimrod Talmon},
  title     = {Complexity of Shift Bribery in Committee Elections},
  booktitle = {Proceedings of the 30th {AAAI} Conference on Artificial Intelligence},
  pages     = {2452--2458},
  publisher = {{AAAI} Press},
  year      = {2016},
  timestamp = {Wed, 05 Apr 2017 12:53:50 +0200},
  biburl    = {https://dblp.org/rec/conf/aaai/BredereckFNT16.bib},
  bibsource = {dblp computer science bibliography, https://dblp.org}
}

@article{DBLP:journals/iandc/BredereckCFNN16,
	author    = {Robert Bredereck and
	Jiehua Chen and
	Piotr Faliszewski and
	Andr{\'{e}} Nichterlein and
	Rolf Niedermeier},
	title     = {Prices Matter for the Parameterized Complexity of Shift Bribery},
	journal   = {Inf. Comput.},
	volume    = {251},
	pages     = {140--164},
	year      = {2016}
}

@incollection{DBLP:reference/choice/ConitzerW16,
  author    = {Vincent Conitzer and
               Toby Walsh},
  editor    = {Felix Brandt and
               Vincent Conitzer and
               Ulle Endriss and
               J{\'{e}}r{\^{o}}me Lang and
               Ariel D. Procaccia},
  title     = {Barriers to Manipulation in Voting},
  booktitle = {Handbook of Computational Social Choice},
  pages     = {127--145},
  publisher = {Cambridge University Press},
  year      = {2016}
}


@inproceedings{DBLP:conf/ecai/HemaspaandraS16,
  author    = {Edith Hemaspaandra and
               Henning Schnoor},
  title     = {Dichotomy for Pure Scoring Rules Under Manipulative Electoral Actions},
  booktitle = {the 22nd European Conference on Artificial Intelligence ({ECAI} 2016)},
  series    = {Frontiers in Artificial Intelligence and Applications},
  volume    = {285},
  pages     = {1071--1079},
  publisher = {{IOS} Press},
  year      = {2016},
  url       = {https://doi.org/10.3233/978-1-61499-672-9-1071},
  doi       = {10.3233/978-1-61499-672-9-1071},
  timestamp = {Wed, 24 May 2017 08:27:20 +0200},
  biburl    = {https://dblp.org/rec/bib/conf/ecai/HemaspaandraS16},
  bibsource = {dblp computer science bibliography, https://dblp.org}
}

@inproceedings{DBLP:conf/sigecom/XiaCP10,
  author    = {Lirong Xia and
               Vincent Conitzer and
               Ariel D. Procaccia},
  title     = {A scheduling approach to coalitional manipulation},
  booktitle = {the 11th {ACM} Conference on Electronic Commerce ({EC} 2010)},
  pages     = {275--284},
  publisher = {{ACM}},
  year      = {2010},
  url       = {https://doi.org/10.1145/1807342.1807386},
  doi       = {10.1145/1807342.1807386},
  timestamp = {Tue, 27 Nov 2018 11:56:48 +0100},
  biburl    = {https://dblp.org/rec/bib/conf/sigecom/XiaCP10},
  bibsource = {dblp computer science bibliography, https://dblp.org}
}

@book{konig2001theorie,
  title={Theorie der endlichen und unendlichen Graphen},
  author={K\H{o}nig, D\'enes},
  year={2001},
  publisher={American Mathematical Society}
}

@article{von1953certain,
	title={A certain zero-sum two-person game equivalent to the optimal assignment problem},
	author={von Neumann, John},
	journal={Contributions to the Theory of Games},
	volume={2},
	pages={5--12},
	year={1953}
}

@article{birkhoff1946tres,
	title={Tres observaciones sobre el algebra lineal},
	author={Birkhoff, Garrett},
	journal={Universidad Nacional de Tucum{\'a}n Rev. Ser. A},
	volume={5},
	pages={147--151},
	year={1946}
}

@article{birkhoff1946three,
	title={Three observations on linear algebra},
	author={Birkhoff, Garrett},
	journal={Univ. Nac. Tucum{\'a}n. Revista A},
	volume={5},
	pages={147--151},
	year={1946}
}

@article{hall1935representatives,
	title={On representatives of subsets},
	author={Hall, Philip},
	journal={Journal of the London Mathematical Society},
	volume={10},
	number={1},
	pages={26--30},
	year={1935},
	publisher={Wiley Online Library}
}

@article{DBLP:journals/jcss/AngluinV79,
	author    = {Dana Angluin and
	Leslie G. Valiant},
	title     = {Fast Probabilistic Algorithms for Hamiltonian Circuits and Matchings},
	journal   = {J. Comput. Syst. Sci.},
	volume    = {18},
	number    = {2},
	pages     = {155--193},
	year      = {1979},
	url       = {https://doi.org/10.1016/0022-0000(79)90045-X},
	doi       = {10.1016/0022-0000(79)90045-X},
	timestamp = {Sat, 20 May 2017 00:25:52 +0200},
	biburl    = {http://dblp.uni-trier.de/rec/bib/journals/jcss/AngluinV79},
	bibsource = {dblp computer science bibliography, http://dblp.org}
}


@inproceedings{DBLP:conf/iscopt/LetocartW16,
	author    = {Lucas L{\'{e}}tocart and
	Angelika Wiegele},
	title     = {Exact Solution Methods for the k-Item Quadratic Knapsack Problem},
  booktitle = {{ISCO}},
	series    = {Lecture Notes in Computer Science},
	volume    = {9849},
	pages     = {166--176},
	publisher = {Springer},
  year      = {2016}
}

@article{DBLP:journals/eor/CapraraKPP00,
	author    = {Alberto Caprara and
	Hans Kellerer and
	Ulrich Pferschy and
	David Pisinger},
	title     = {Approximation Algorithms for Knapsack Problems with Cardinality Constraints},
	journal   = {European Journal of Operational Research},
	volume    = {123},
	number    = {2},
	pages     = {333--345},
  year      = {2000}
}

@book{DBLP:books/daglib/0012859,
	author    = {Michael Mitzenmacher and
	Eli Upfal},
	title     = {Probability and computing - randomized algorithms and probabilistic
	analysis},
	publisher = {Cambridge University Press},
	year      = {2005},
	isbn      = {978-0-521-83540-4},
	timestamp = {Fri, 01 Apr 2011 13:41:29 +0200},
	biburl    = {http://dblp.uni-trier.de/rec/bib/books/daglib/0012859},
	bibsource = {dblp computer science bibliography, http://dblp.org}
}


@inproceedings{DBLP:conf/atal/KellerHH17,
	author    = {Orgad Keller and
	Avinatan Hassidim and
	Noam Hazon},
	title     = {New Approximation for {Borda} Coalitional Manipulation},
  booktitle = {{AAMAS}},
	pages     = {606--614},
	publisher = {{ACM}},
  year      = {2017}
}



@inproceedings{DBLP:conf/aaai/KellerHH18,
  author    = {Orgad Keller and
               Avinatan Hassidim and
               Noam Hazon},
  title     = {Approximating Bribery in Scoring Rules},
  booktitle = {the 32nd {AAAI} Conference on Artificial Intelligence
               (AAAI 18)},
  pages     = {1121--1129},
  year      = {2018},
  url       = {https://www.aaai.org/ocs/index.php/AAAI/AAAI18/paper/view/17224},
  timestamp = {Tue, 23 Oct 2018 06:42:15 +0200},
  biburl    = {https://dblp.org/rec/bib/conf/aaai/KellerHH18},
  bibsource = {dblp computer science bibliography, https://dblp.org}
}

@article{DBLP:journals/jair/KellerHH19,
  author    = {Orgad Keller and
               Avinatan Hassidim and
               Noam Hazon},
  title     = {New Approximations for Coalitional Manipulation in Scoring Rules},
  journal   = {J. Artif. Intell. Res.},
  volume    = {64},
  pages     = {109--145},
  year      = {2019},
  url       = {https://doi.org/10.1613/jair.1.11335},
  doi       = {10.1613/jair.1.11335},
  timestamp = {Tue, 12 Feb 2019 14:29:11 +0100},
  biburl    = {https://dblp.org/rec/bib/journals/jair/KellerHH19},
  bibsource = {dblp computer science bibliography, https://dblp.org}
}


@phdThesis{lin2012solving,
	title={Solving hard problems in election systems},
	author={Lin, Andrew Peter},
	year={2012},
	school={Rochester Institute of Technology}
}

@article{DBLP:journals/jair/ProcacciaR07,
  author    = {Ariel D. Procaccia and
               Jeffrey S. Rosenschein},
  title     = {Junta Distributions and the Average-Case Complexity of Manipulating
               Elections},
  journal   = {J. Artif. Intell. Res.},
  volume    = {28},
  pages     = {157--181},
  year      = {2007},
  url       = {https://doi.org/10.1613/jair.2148},
  doi       = {10.1613/jair.2148},
  timestamp = {Mon, 21 Jan 2019 15:01:17 +0100},
  biburl    = {https://dblp.org/rec/bib/journals/jair/ProcacciaR07},
  bibsource = {dblp computer science bibliography, https://dblp.org}
}

@MastersThesis{karush1939minima,
	author     =     {Karush, William},
	title     =     {Minima of functions of several variables with inequalities as side conditions},
	school     =     {University of Chicago},
	year     =     {1939},
}

@inproceedings{sina2015adapting,
  title={Adapting the social network to affect elections},
  author={Sina, Sigal and Hazon, Noam and Hassidim, Avinatan and Kraus, Sarit},
  booktitle={Proceedings of the 2015 International Conference on Autonomous Agents and Multiagent Systems},
  pages={705--713},
  year={2015},
  organization={International Foundation for Autonomous Agents and Multiagent Systems}
}



@misc{glpk,
author={Makhorin, A.},
title={{GLPK}: {GNU} Linear Programming Kit, Version 4.61},
howpublished={www.gnu.org/software/glpk/glpk.html},
year={2017}	
}


@misc{cvxopt,
author={Martin S. Andersen and Joachim Dahl and Lieven Vandenberghe},
title = {{CVXOPT}: A {P}ython package for convex optimization, version 1.1.9},
howpublished = {cvxopt.org},
year    = {2016}
}

@book{schrijver1998theory,
	title={Theory of linear and integer programming},
	author={Schrijver, Alexander},
	year={1998},
	publisher={John Wiley \& Sons}
}

@inproceedings{DBLP:conf/ijcai/XiaZPCR09,
	author    = {Lirong Xia and
	Michael Zuckerman and
	Ariel D. Procaccia and
	Vincent Conitzer and
	Jeffrey S. Rosenschein},
	title     = {Complexity of Unweighted Coalitional Manipulation under Some Common
	Voting Rules},
	booktitle = {{IJCAI} 2009, Proceedings of the 21st International Joint Conference
	on Artificial Intelligence},
	pages     = {348--353},
	year      = {2009},
	url       = {http://ijcai.org/Proceedings/09/Papers/066.pdf},
	timestamp = {Wed, 20 Jul 2016 14:20:40 +0200},
	biburl    = {http://dblp.uni-trier.de/rec/bib/conf/ijcai/XiaZPCR09},
	bibsource = {dblp computer science bibliography, http://dblp.org}
}
@article{khachiyan1980polynomial,
	title={Polynomial algorithms in linear programming},
	author={Khachiyan, Leonid G},
	journal={USSR Computational Mathematics and Mathematical Physics},
	volume={20},
	number={1},
	pages={53--72},
	year={1980},
	publisher={Elsevier}
}

@article{DBLP:journals/combinatorica/GrotschelLS81,
	author    = {Martin Gr{\"{o}}tschel and
	L{\'{a}}szl{\'{o}} Lov{\'{a}}sz and
	Alexander Schrijver},
	title     = {The Ellipsoid Method and its Consequences in Combinatorial Optimization},
	journal   = {Combinatorica},
	volume    = {1},
	number    = {2},
	pages     = {169--197},
	year      = {1981},
	url       = {http://dx.doi.org/10.1007/BF02579273},
	doi       = {10.1007/BF02579273},
	timestamp = {Fri, 20 May 2011 14:39:42 +0200},
	biburl    = {http://dblp.uni-trier.de/rec/bib/journals/combinatorica/GrotschelLS81},
	bibsource = {dblp computer science bibliography, http://dblp.org}
}

@article{DBLP:journals/combinatorica/Karmarkar84,
  author    = {Narendra Karmarkar},
  title     = {A new polynomial-time algorithm for linear programming},
  journal   = {Combinatorica},
  volume    = {4},
  number    = {4},
  pages     = {373--396},
  year      = {1984},
  url       = {https://doi.org/10.1007/BF02579150},
  doi       = {10.1007/BF02579150},
  timestamp = {Wed, 14 Nov 2018 10:24:11 +0100},
  biburl    = {https://dblp.org/rec/bib/journals/combinatorica/Karmarkar84},
  bibsource = {dblp computer science bibliography, https://dblp.org}
}

@article{bartholdi1989computational,
	title={The computational difficulty of manipulating an election},
	author={Bartholdi, III, John J and Tovey, Craig A and Trick, Michael A},
	journal={Social Choice and Welfare},
	volume={6},
	number={3},
	pages={227--241},
	year={1989},
	publisher={Springer}
}

@inproceedings{DBLP:conf/ijcai/EphratiR93,
	author    = {Eithan Ephrati and
	Jeffrey S. Rosenschein},
	title     = {Multi-Agent Planning as a Dynamic Search for Social Consensus},
  booktitle = {{IJCAI}},
	pages     = {423--431},
  publisher = {Morgan Kaufmann},
  year      = {1993}
}

@inproceedings{DBLP:conf/aaai/DaviesKNW11,
	author    = {Jessica Davies and
	George Katsirelos and
	Nina Narodytska and
	Toby Walsh},
	title     = {Complexity of and Algorithms for {Borda} Manipulation},
  booktitle = {{AAAI}},
  year      = {2011}
}

@article{DBLP:journals/ai/DaviesKNWX14,
  author    = {Jessica Davies and
               George Katsirelos and
               Nina Narodytska and
               Toby Walsh and
               Lirong Xia},
  title     = {Complexity of and algorithms for the manipulation of {Borda}, {Nanson}'s
               and {Baldwin}'s voting rules},
  journal   = {Artificial Intelligence},
  volume    = {217},
  pages     = {20--42},
  year      = {2014},
  url       = {https://doi.org/10.1016/j.artint.2014.07.005},
  doi       = {10.1016/j.artint.2014.07.005},
  timestamp = {Mon, 05 Jun 2017 12:38:25 +0200},
  biburl    = {https://dblp.org/rec/bib/journals/ai/DaviesKNWX14},
  bibsource = {dblp computer science bibliography, https://dblp.org}
}

@article{DBLP:journals/ai/ZuckermanPR09,
  author    = {Michael Zuckerman and
               Ariel D. Procaccia and
               Jeffrey S. Rosenschein},
  title     = {Algorithms for the coalitional manipulation problem},
  journal   = {Artificial Intelligence},
  volume    = {173},
  number    = {2},
  pages     = {392--412},
  year      = {2009},
  url       = {http://dx.doi.org/10.1016/j.artint.2008.11.005},
  doi       = {10.1016/j.artint.2008.11.005},
  timestamp = {Tue, 20 Jan 2009 13:22:35 +0100},
  biburl    = {http://dblp.uni-trier.de/rec/bib/journals/ai/ZuckermanPR09},
  bibsource = {dblp computer science bibliography, http://dblp.org}
}
@inproceedings{DBLP:conf/ijcai/BetzlerNW11,
  author    = {Nadja Betzler and
               Rolf Niedermeier and
               Gerhard J. Woeginger},
  title     = {Unweighted Coalitional Manipulation under the {Borda} Rule Is {NP}-Hard},
  booktitle = {the 22nd International Joint Conference
               on Artificial Intelligence ({IJCAI} 2011)},
  pages     = {55--60},
  publisher = {{IJCAI/AAAI}},
  year      = {2011},
  url       = {https://doi.org/10.5591/978-1-57735-516-8/IJCAI11-021},
  doi       = {10.5591/978-1-57735-516-8/IJCAI11-021},
  timestamp = {Tue, 20 Aug 2019 16:16:04 +0200},
  biburl    = {https://dblp.org/rec/bib/conf/ijcai/BetzlerNW11},
  bibsource = {dblp computer science bibliography, https://dblp.org}
}

@article{DBLP:journals/jacm/ConitzerSL07,
  author    = {Vincent Conitzer and
               Tuomas Sandholm and
               J{\'{e}}r{\^{o}}me Lang},
  title     = {When are elections with few candidates hard to manipulate?},
  journal   = {Journal of the {ACM}},
  volume    = {54},
  number    = {3},
  pages     = {14},
  year      = {2007},
  url       = {https://doi.org/10.1145/1236457.1236461},
  doi       = {10.1145/1236457.1236461},
  timestamp = {Tue, 06 Nov 2018 12:51:46 +0100},
  biburl    = {https://dblp.org/rec/bib/journals/jacm/ConitzerSL07},
  bibsource = {dblp computer science bibliography, https://dblp.org}
}

@article{DBLP:journals/jcss/HemaspaandraH07,
  author    = {Edith Hemaspaandra and
               Lane A. Hemaspaandra},
  title     = {Dichotomy for voting systems},
  journal   = {Journal of Computer and System Sciences},
  volume    = {73},
  number    = {1},
  pages     = {73--83},
  year      = {2007},
  url       = {http://dx.doi.org/10.1016/j.jcss.2006.09.002},
  doi       = {10.1016/j.jcss.2006.09.002},
  timestamp = {Wed, 24 Jan 2007 13:56:28 +0100},
  biburl    = {http://dblp.uni-trier.de/rec/bib/journals/jcss/HemaspaandraH07},
  bibsource = {dblp computer science bibliography, http://dblp.org}
}
@inproceedings{DBLP:conf/aaai/BrelsfordFHSS08,
  author    = {Eric Brelsford and
               Piotr Faliszewski and
               Edith Hemaspaandra and
               Henning Schnoor and
               Ilka Schnoor},
  title     = {Approximability of Manipulating Elections},
  booktitle = {{AAAI}},
  pages     = {44--49},
  year      = {2008},
  url       = {http://www.aaai.org/Library/AAAI/2008/aaai08-007.php},
  timestamp = {Mon, 10 Dec 2012 17:36:53 +0100},
  biburl    = {https://dblp.org/rec/bib/conf/aaai/BrelsfordFHSS08},
  bibsource = {dblp computer science bibliography, https://dblp.org}
}

@article{gibbard1973manipulation,
	title={Manipulation of voting schemes: a general result},
	author={Gibbard, Allan},
	journal={Econometrica},
	volume = {41},
	number = {4},
	pages={587--601},
	year={1973},
	publisher={JSTOR},
}

@article{satterthwaite1975strategy,
	title={Strategy-proofness and {Arrow}'s conditions: Existence and correspondence theorems for voting procedures and social welfare functions},
	author={Mark Allen Satterthwaite},
	journal={Journal of economic theory},
	volume={10},
	number={2},
	pages={187--217},
	year={1975},
	publisher={Elsevier}
}

@incollection{kuhn2014nonlinear,
	title={Nonlinear programming},
  author={Kuhn, Harold W and Tucker, Albert W},
  booktitle={Traces and emergence of nonlinear programming},
  pages={247--258},
  year={2014},
  publisher={Springer}
}

@article{hoeffding1963probability,
	title={Probability inequalities for sums of bounded random variables},
	author={Hoeffding, Wassily},
	journal={Journal of the American statistical association},
	volume={58},
	number={301},
	pages={13--30},
	year={1963},
	publisher={Taylor \& Francis Group}
}


  @article{DBLP:journals/aim/FaliszewskiP10,
  author    = {Piotr Faliszewski and
               Ariel D. Procaccia},
  title     = {{AI}'s War on Manipulation: Are We Winning?},
  journal   = {{AI} Magazine},
  volume    = {31},
  number    = {4},
  pages     = {53--64},
  year      = {2010},
  url       = {http://www.aaai.org/ojs/index.php/aimagazine/article/view/2314},
  timestamp = {Tue, 28 Jun 2011 10:29:40 +0200},
  biburl    = {https://dblp.org/rec/bib/journals/aim/FaliszewskiP10},
  bibsource = {dblp computer science bibliography, https://dblp.org}
}

@inproceedings{Yang2020destructive,
author = {Yang, Yongjie},
title = {On the Complexity of Destructive Bribery in Approval-Based Multi-Winner Voting},
year = {2020},
booktitle = {{AAMAS}},
pages = {1584–1592}
}

@article{Kaczmarczyk2019destructive,
	title={Algorithms for Destructive Shift Bribery},
	author={Kaczmarczyk, Andrzej and Faliszewski, Piotr},
	journal={Autonomous Agents and Multi-Agent Systems},
	volume={33},
	pages={275--297},
	year={2019}
}

@article{DEY201715,
title = "Frugal bribery in voting",
author = "Palash Dey and Neeldhara Misra and Y. Narahari",
journal = "Theoretical Computer Science",
volume = "676",
pages = {15--32},
year = "2017"
}

@inproceedings{baumeister2012campaigns,
  author    = {Dorothea Baumeister and
               Piotr Faliszewski and
               J{\'{e}}r{\^{o}}me Lang and
               J{\"{o}}rg Rothe},
  title     = {Campaigns for Lazy Voters: Truncated Ballots},
  booktitle = {Proceedings of the 11th International Conference on Autonomous Agents and Multiagent Systems},
  pages     = {577--584},
  publisher = {{IFAAMAS}},
  year      = {2012},
  timestamp = {Thu, 19 Mar 2015 17:49:02 +0100},
  biburl    = {https://dblp.org/rec/conf/aamas/BaumeisterFLR12.bib},
  bibsource = {dblp computer science bibliography, https://dblp.org}
}


@inproceedings{pini2013bribery,
  author    = {Maria Silvia Pini and
               Francesca Rossi and
               Kristen Brent Venable},
  title     = {Bribery in Voting With Soft Constraints},
  booktitle = {Proceedings of the 27th {AAAI} Conference on Artificial
               Intelligence},
  publisher = {{AAAI} Press},
  year      = {2013},
  timestamp = {Tue, 17 Dec 2013 19:26:12 +0100},
  biburl    = {https://dblp.org/rec/conf/aaai/PiniRV13.bib},
  bibsource = {dblp computer science bibliography, https://dblp.org}
}

@article{dorn2016hardness,
  title={On the Hardness of Bribery Variants in Voting with CP-Nets},
  author={Dorn, Britta and Kr{\"u}ger, Dominikus},
  journal={Annals of Mathematics and Artificial Intelligence},
  volume={77},
  number={3-4},
  pages={251--279},
  year={2016},
  publisher={Springer}
}

@inproceedings{mattei2012bribery,
  author    = {Nicholas Mattei and
               Maria Silvia Pini and
               Kristen Brent Venable and
               Francesca Rossi},
  title     = {Bribery in Voting over Combinatorial Domains is Easy},
  booktitle = {Proceedings of the 11th International Conference on Autonomous Agents and Multiagent Systems},
  pages     = {1407--1408},
  publisher = {{IFAAMAS}},
  year      = {2012},
  timestamp = {Thu, 19 Mar 2015 17:49:02 +0100},
  biburl    = {https://dblp.org/rec/conf/aamas/MatteiPVR12.bib},
  bibsource = {dblp computer science bibliography, https://dblp.org}
}

@inproceedings{magrino2011computing,
  author    = {Thomas R. Magrino and
               Ronald L. Rivest and
               Emily Shen},
  title     = {Computing the Margin of Victory in {IRV} Elections},
  booktitle = {Proceedings of the 2011 Electronic Voting Technology Workshop / Workshop on Trustworthy
               Elections},
  publisher = {{USENIX} Association},
  year      = {2011},
  timestamp = {Wed, 04 Jul 2018 13:06:34 +0200},
  biburl    = {https://dblp.org/rec/conf/uss/MagrinoRS11.bib},
  bibsource = {dblp computer science bibliography, https://dblp.org}
}

@inproceedings{cary2011estimating,
  author    = {David Cary},
  title     = {Estimating the Margin of Victory for Instant-Runoff Voting},
  booktitle = {Proceedings of the 2011 Electronic Voting Technology Workshop / Workshop on Trustworthy
               Elections},
  publisher = {{USENIX} Association},
  year      = {2011},
  timestamp = {Wed, 04 Jul 2018 13:06:34 +0200},
  biburl    = {https://dblp.org/rec/conf/uss/Cary11.bib},
  bibsource = {dblp computer science bibliography, https://dblp.org}
}

@inproceedings{xia2012computing,
  author    = {Lirong Xia},
  title     = {Computing the margin of victory for various voting rules},
  booktitle = {Proceedings of the 13th {ACM} Conference on Electronic Commerce},
  pages     = {982--999},
  publisher = {{ACM}},
  year      = {2012},
  timestamp = {Tue, 27 Nov 2018 11:56:48 +0100},
  biburl    = {https://dblp.org/rec/conf/sigecom/Xia12.bib},
  bibsource = {dblp computer science bibliography, https://dblp.org}
}

@inproceedings{dey2015estimating,
  author    = {Palash Dey and
               Y. Narahari},
  title     = {Estimating the Margin of Victory of an Election Using Sampling},
  booktitle = {Proceedings of the 24th International Joint Conference on
               Artificial Intelligence},
  pages     = {1120--1126},
  publisher = {{AAAI} Press},
  year      = {2015},
  timestamp = {Tue, 20 Aug 2019 16:16:45 +0200},
  biburl    = {https://dblp.org/rec/conf/ijcai/DeyN15.bib},
  bibsource = {dblp computer science bibliography, https://dblp.org}
}

@inproceedings{shiryaev2013elections,
  author    = {Dmitry Shiryaev and
               Lan Yu and
               Edith Elkind},
  title     = {On Elections with Robust Winners},
  booktitle = {Proceedings of the 12th International Conference on Autonomous Agents and Multiagent Systems},
  pages     = {415--422},
  publisher = {{IFAAMAS}},
  year      = {2013},
  timestamp = {Fri, 28 Jun 2013 14:29:36 +0200},
  biburl    = {https://dblp.org/rec/conf/atal/ShiryaevYE13.bib},
  bibsource = {dblp computer science bibliography, https://dblp.org}
}