@misc{dua2019uci,
    author = "Dua, Dheeru and Graff, Casey",
    year = "2017",
    title = "{UCI} Machine Learning Repository",
    url = "http://archive.ics.uci.edu/ml",
    institution = "University of California, Irvine, School of Information and Computer Sciences" 
}


% ===========================================================================
% Bandits and Gaussian Processes
% ===========================================================================

@article{rasmussen2006gaussian,
  title={Gaussian processes for machine learning, vol. 1},
  author={Rasmussen, Carl Edward and Williams, CK},
  journal={MIT press},
  volume={39},
  pages={40--43},
  year={2006}
}

@book{cesa2006prediction,
  title={Prediction, learning, and games},
  author={Cesa-Bianchi, Nicolo and Lugosi, Gabor},
  year={2006},
  publisher={Cambridge university press}
}

@article{bubeck2012regret,
  title={Regret analysis of stochastic and nonstochastic multi-armed bandit problems},
  author={Bubeck, S{\'e}bastien and Cesa-Bianchi, Nicolo and others},
  journal={Foundations and Trends{\textregistered} in Machine Learning},
  volume={5},
  number={1},
  pages={1--122},
  year={2012},
  publisher={Now Publishers, Inc.}
}

@article{srinivas2012information,
  title={Information-theoretic regret bounds for gaussian process optimization in the bandit setting},
  author={Srinivas, Niranjan and Krause, Andreas and Kakade, Sham M and Seeger, Matthias W},
  journal={TOIT},
  volume={58},
  number={5},
  pages={3250--3265},
  year={2012},
  publisher={IEEE}
}

@inproceedings{krause2011contextual,
  title={Contextual gaussian process bandit optimization},
  author={Krause, Andreas and Ong, Cheng S},
  booktitle={NeurIPS},
  pages={2447--2455},
  year={2011}
}

@inproceedings{grosse2012exploiting,
   title = {Exploiting compositionality to explore a large space of model structures},
   author = {Roger Grosse and Ruslan Salakhutdinov and William T. Freeman and Joshua B. Tenenbaum},
   year = {2012},
   booktitle = {Proceedings of the 28th Conference in Uncertainty in Artificial Intelligence}
}

@article{durand2018streaming,
  title={Streaming kernel regression with provably adaptive mean, variance, and regularization},
  author={Durand, Audrey and Maillard, Odalric-Ambrym and Pineau, Joelle},
  journal={The Journal of Machine Learning Research},
  volume={19},
  number={1},
  pages={650--683},
  year={2018},
  publisher={JMLR. org}
}

@article{GPflow2017,
  author = {Matthews, Alexander G. de G. and {van der Wilk}, Mark and Nickson,
      Tom and Fujii, Keisuke. and {Boukouvalas}, Alexis and
      {Le{\'o}n-Villagr{\'a}}, Pablo and Ghahramani, Zoubin and Hensman,
      James},
  title = {{GP}flow: A {G}aussian process library using {T}ensor{F}low},
  journal = {JMLR},
  year    = {2017},
  month   = {April},
  volume  = {18},
  number  = {40},
  pages   = {1-6},
  url     = {http://jmlr.org/papers/v18/16-537.html}
}

@inproceedings{sakaue2018efficient,
  title={Efficient bandit combinatorial optimization algorithm with zero-suppressed binary decision diagrams},
  author={Sakaue, Shinsaku and Ishihata, Masakazu and Minato, Shin-ichi},
  booktitle={AISTATS},
  pages={585--594},
  year={2018}
}

@inproceedings{koriche2018compiling,
  title={Compiling Combinatorial Prediction Games},
  author={Koriche, Frederic},
  booktitle={ICML},
  pages={2761--2770},
  year={2018}
}

@inproceedings{thornton2013auto,
  title={Auto-WEKA: Combined selection and hyperparameter optimization of classification algorithms},
  author={Thornton, Chris and Hutter, Frank and Hoos, Holger H and Leyton-Brown, Kevin},
  booktitle={KDD},
  pages={847--855},
  year={2013},
  organization={ACM}
}


% ===========================================================================
% Kernels
% ===========================================================================

@article{steinwart2001influence,
  title={On the influence of the kernel on the consistency of support vector machines},
  author={Steinwart, Ingo},
  journal={Journal of machine learning research},
  volume={2},
  number={Nov},
  pages={67--93},
  year={2001}
}

@article{sriperumbudur2011universality,
  title={Universality, Characteristic Kernels and RKHS Embedding of Measures.},
  author={Sriperumbudur, Bharath K and Fukumizu, Kenji and Lanckriet, Gert RG},
  journal={Journal of Machine Learning Research},
  volume={12},
  number={7},
  year={2011}
}

@inproceedings{blanchard2011generalizing,
  title={Generalizing from several related classification tasks to a new unlabeled sample},
  author={Blanchard, Gilles and Lee, Gyemin and Scott, Clayton},
  booktitle={Advances in neural information processing systems},
  pages={2178--2186},
  year={2011}
}

@article{gretton2015simpler,
  title={A simpler condition for consistency of a kernel independence test},
  author={Gretton, Arthur},
  journal={arXiv preprint arXiv:1501.06103},
  year={2015}
}

@article{szabo2017characteristic,
  title={Characteristic and universal tensor product kernels},
  author={Szab{\'o}, Zolt{\'a}n and Sriperumbudur, Bharath K},
  journal={The Journal of Machine Learning Research},
  volume={18},
  number={1},
  pages={8724--8752},
  year={2017},
  publisher={JMLR. org}
}

@inproceedings{jiao2015kendall,
  title={The Kendall and Mallows kernels for permutations},
  author={Jiao, Yunlong and Vert, Jean-Philippe},
  booktitle={ICML},
  pages={1935--1944},
  year={2015}
}

@article{passerini2006kernels,
  title={Kernels on prolog proof trees: Statistical learning in the ILP setting},
  author={Passerini, Andrea and Frasconi, Paolo and De Raedt, Luc},
  journal={Journal of Machine Learning Research},
  volume={7},
  number={Feb},
  pages={307--342},
  year={2006}
}

@inproceedings{wilson2015human,
  title={The human kernel},
  author={Wilson, Andrew G and Dann, Christoph and Lucas, Chris and Xing, Eric P},
  booktitle={Advances in neural information processing systems},
  pages={2854--2862},
  year={2015}
}


% ===========================================================================
% Theory of explanations
% ===========================================================================

@article{guidotti2018survey,
  title={A survey of methods for explaining black box models},
  author={Guidotti, Riccardo and Monreale, Anna and Ruggieri, Salvatore and Turini, Franco and Giannotti, Fosca and Pedreschi, Dino},
  journal={ACM computing surveys (CSUR)},
  volume={51},
  number={5},
  pages={1--42},
  year={2018},
  publisher={ACM New York, NY, USA}
}

@article{lombrozo2006structure,
  title={The structure and function of explanations},
  author={Lombrozo, Tania},
  journal={Trends in cognitive sciences},
  volume={10},
  number={10},
  pages={464--470},
  year={2006},
  publisher={Elsevier}
}

@article{miller2018explanation,
  title={Explanation in artificial intelligence: Insights from the social sciences},
  author={Miller, Tim},
  journal={Artificial Intelligence},
  year={2018},
  publisher={Elsevier}
}

@book{murphy2004big,
  title={The big book of concepts},
  author={Murphy, Gregory},
  year={2004},
  publisher={MIT press}
}

@article{lapuschkin2019unmasking,
  title={{Unmasking Clever Hans predictors and assessing what machines really learn}},
  author={Lapuschkin, Sebastian and W{\"a}ldchen, Stephan and Binder, Alexander and Montavon, Gr{\'e}goire and Samek, Wojciech and M{\"u}ller, Klaus-Robert},
  journal={Nature communications},
  volume={10},
  number={1},
  pages={1096},
  year={2019},
  publisher={Nature Publishing Group}
}


% ===========================================================================
% Interpretable Models
% ===========================================================================

@article{ustun2016supersparse,
  title={Supersparse linear integer models for optimized medical scoring systems},
  author={Ustun, Berk and Rudin, Cynthia},
  journal={Machine Learning},
  volume={102},
  number={3},
  pages={349--391},
  year={2016},
  publisher={Springer}
}

@inproceedings{alvarez2018towards,
  title={Towards Robust Interpretability with Self-Explaining Neural Networks},
  author={Melis, David Alvarez and Jaakkola, Tommi},
  booktitle={NeurIPS},
  pages={7785--7794},
  year={2018}
}


% ===========================================================================
% Local Explainers
% ===========================================================================

@article{simonyan2013deep,
  title={Deep inside convolutional networks: Visualising image classification models and saliency maps},
  author={Simonyan, Karen and Vedaldi, Andrea and Zisserman, Andrew},
  journal={arXiv preprint arXiv:1312.6034},
  year={2013}
}

@inproceedings{ancona2018towards,
  title={Towards better understanding of gradient-based attribution methods for Deep Neural Networks},
  author={Ancona, Marco and Ceolini, Enea and Oztireli, Cengiz and Gross, Markus},
  booktitle={6th International Conference on Learning Representations (ICLR 2018)},
  year={2018}
}

@inproceedings{ribeiro2016should,
  title={{Why should I trust you?: Explaining the predictions of any classifier}},
  author={Ribeiro, Marco Tulio and Singh, Sameer and Guestrin, Carlos},
  booktitle={KDD},
  pages={1135--1144},
  year={2016},
  _organization={ACM}
}

@inproceedings{koh2017understanding,
  title={Understanding Black-box Predictions via Influence Functions},
  author={Koh, Pang Wei and Liang, Percy},
  booktitle={International Conference on Machine Learning},
  pages={1885--1894},
  year={2017}
}

@article{guidotti2018local,
  title={Local rule-based explanations of black box decision systems},
  author={Guidotti, Riccardo and Monreale, Anna and Ruggieri, Salvatore and Pedreschi, Dino and Turini, Franco and Giannotti, Fosca},
  journal={arXiv preprint arXiv:1805.10820},
  year={2018}
}

@inproceedings{lundberg2017unified,
  title={A unified approach to interpreting model predictions},
  author={Lundberg, Scott M and Lee, Su-In},
  booktitle={Advances in Neural Information Processing Systems},
  pages={4765--4774},
  year={2017}
}

@inproceedings{ribeiro2018anchors,
  title={Anchors: High-precision model-agnostic explanations},
  author={Ribeiro, Marco Tulio and Singh, Sameer and Guestrin, Carlos},
  booktitle={Thirty-Second AAAI Conference on Artificial Intelligence},
  year={2018}
}

@article{chattopadhyay2019neural,
  title={Neural Network Attributions: A Causal Perspective},
  author={Chattopadhyay, Aditya and Manupriya, Piyushi and Sarkar, Anirban and Balasubramanian, Vineeth N},
  journal={arXiv preprint arXiv:1902.02302},
  year={2019}
}


% ===========================================================================
% Global Explainers
% ===========================================================================

@inproceedings{craven1996extracting,
  title={Extracting tree-structured representations of trained networks},
  author={Craven, Mark and Shavlik, Jude W},
  booktitle={Advances in neural information processing systems},
  pages={24--30},
  year={1996}
}

@article{bastani2017interpreting,
  title={Interpreting blackbox models via model extraction},
  author={Bastani, Osbert and Kim, Carolyn and Bastani, Hamsa},
  journal={arXiv preprint arXiv:1705.08504},
  year={2017}
}

@inproceedings{chen2018learning,
  title={Learning to Explain: An Information-Theoretic Perspective on Model Interpretation},
  author={Chen, Jianbo and Song, Le and Wainwright, Martin and Jordan, Michael},
  booktitle={International Conference on Machine Learning},
  pages={882--891},
  year={2018}
}

@inproceedings{lage2019toward,
  title={Toward Robust Policy Summarization},
  author={Lage, Isaac and Lifschitz, Daphna and Doshi-Velez, Finale and Amir, Ofra},
  booktitle={Proceedings of the 18th International Conference on Autonomous Agents and MultiAgent Systems},
  pages={2081--2083},
  year={2019},
  organization={International Foundation for Autonomous Agents and Multiagent Systems}
}


% ===========================================================================
% Robustness of Explainations
% ===========================================================================

@article{ghorbani2017interpretation,
  title={Interpretation of Neural Networks is Fragile},
  author={Ghorbani, Amirata and Abid, Abubakar and Zou, James},
  journal={arXiv preprint arXiv:1710.10547},
  year={2017}
}


% ===========================================================================
% Explanation-based Learning
% ===========================================================================

@article{mitchell1986explanation,
  title={Explanation-based generalization: A unifying view},
  author={Mitchell, Tom M and Keller, Richard M and Kedar-Cabelli, Smadar T},
  journal={Machine learning},
  volume={1},
  number={1},
  pages={47--80},
  year={1986},
  publisher={Springer}
}

@inproceedings{ross2017right,
  title={Right for the right reasons: training differentiable models by constraining their explanations},
  author={Ross, Andrew Slavin and Hughes, Michael C and Doshi-Velez, Finale},
  booktitle={Proceedings of the 26th International Joint Conference on Artificial Intelligence},
  pages={2662--2670},
  year={2017},
  organization={AAAI Press}
}

@inproceedings{milli2019model,
  title={Model Reconstruction from Model Explanations},
  author={Milli, Smitha and Schmidt, Ludwig and Dragan, Anca D and Hardt, Moritz},
  booktitle={Proceedings of the Conference on Fairness, Accountability, and Transparency},
  pages={1--9},
  year={2019},
  organization={ACM}
}

@article{codella2018teaching,
  title={Teaching meaningful explanations},
  author={Codella, Noel CF and Hind, Michael and Ramamurthy, Karthikeyan Natesan and Campbell, Murray and Dhurandhar, Amit and Varshney, Kush R and Wei, Dennis and Mojsilovic, Aleksandra},
  journal={arXiv preprint arXiv:1805.11648},
  year={2018}
}

@article{das2019human,
  title={Human-Guided Learning of Column Networks: Augmenting Deep Learning with Advice},
  author={Das, Mayukh and Yu, Yang and Dhami, Devendra Singh and Kunapuli, Gautam and Natarajan, Sriraam},
  journal={arXiv preprint arXiv:1904.06950},
  year={2019}
}

@article{nie2019learning,
  title={Learning to Explain: Answering Why-Questions via Rephrasing},
  author={Nie, Allen and Bennett, Erin D and Goodman, Noah D},
  journal={arXiv preprint arXiv:1906.01243},
  year={2019}
}

@inproceedings{kanehira2019learning,
  title={Learning to explain with complemental examples},
  author={Kanehira, Atsushi and Harada, Tatsuya},
  booktitle={Proceedings of the IEEE Conference on Computer Vision and Pattern Recognition},
  pages={8603--8611},
  year={2019}
}

@article{raghavan2006active,
  title={Active learning with feedback on features and instances},
  author={Raghavan, Hema and others},
  journal={Journal of Machine Learning Research},
  volume={7},
  number={Aug},
  pages={1655--1686},
  year={2006}
}

@inproceedings{raghavan2007interactive,
  title={An interactive algorithm for asking and incorporating feature feedback into support vector machines},
  author={Raghavan, Hema and others},
  booktitle={Proceedings of the 30th annual international ACM SIGIR conference on Research and development in information retrieval},
  pages={79--86},
  year={2007},
  organization={ACM}
}

@inproceedings{druck2008learning,
  title={Learning from labeled features using generalized expectation criteria},
  author={Druck, Gregory and others},
  booktitle={Proceedings of the 31st annual international ACM SIGIR conference on Research and development in information retrieval},
  pages={595--602},
  year={2008},
  organization={ACM}
}

@inproceedings{druck2009active,
  title={Active learning by labeling features},
  author={Druck, Gregory and others},
  booktitle={Proceedings of the 2009 Conference on Empirical Methods in Natural Language Processing: Volume 1-Volume 1},
  pages={81--90},
  year={2009},
  organization={Association for Computational Linguistics}
}

@article{attenberg2010unified,
  title={A unified approach to active dual supervision for labeling features and examples},
  author={Attenberg, Josh and others},
  journal={Machine Learning and Knowledge Discovery in Databases},
  pages={40--55},
  year={2010},
  publisher={Springer}
}

@inproceedings{settles2011closing,
  title={Closing the loop: Fast, interactive semi-supervised annotation with queries on features and instances},
  author={Settles, Burr},
  booktitle={Proceedings of the conference on empirical methods in natural language processing},
  pages={1467--1478},
  year={2011},
  organization={Association for Computational Linguistics}
}

@inproceedings{sun2005explanation,
  title={Explanation-augmented svm: an approach to incorporating domain knowledge into svm learning},
  author={Sun, Qiang and DeJong, Gerald},
  booktitle={Proceedings of the 22nd international conference on Machine learning},
  pages={864--871},
  year={2005},
  organization={ACM}
}

@inproceedings{small2011constrained,
  title={The constrained weight space svm: learning with ranked features},
  author={Small, Kevin and others},
  booktitle={ICML},
  pages={865--872},
  year={2011},
  organization={Omnipress}
}

@inproceedings{sharma2015active,
  title={Active learning with rationales for text classification},
  author={Sharma, Manali and others},
  booktitle={NAACL HLT},
  pages={441--451},
  year={2015}
}

@inproceedings{sharma2016towards,
  title={Towards Learning with Feature-Based Explanations for Document Classification},
  author={Sharma, Manali and others},
  booktitle={BeyondLabeler Workshop},
  year={2016}
}

@inproceedings{zaidan2007usingold,
  title={Using “annotator rationales” to improve machine learning for text categorization},
  author={Zaidan, Omar and others},
  booktitle={NAACL HLT},
  pages={260--267},
  year={2007}
}

@inproceedings{zaidan2008modeling,
  title={Modeling annotators: A generative approach to learning from annotator rationales},
  author={Zaidan, Omar F and others},
  booktitle={Proceedings of the Conference on Empirical Methods in Natural Language Processing},
  pages={31--40},
  year={2008},
  organization={Association for Computational Linguistics}
}

@article{vapnik2009new,
  title={A new learning paradigm: Learning using privileged information},
  author={Vapnik, Vladimir and Vashist, Akshay},
  journal={Neural networks},
  volume={22},
  number={5-6},
  pages={544--557},
  year={2009},
  publisher={Elsevier}
}



% ===========================================================================
% Interaction
% ===========================================================================

@article{pandya2019human,
  title={Human-AI Learning Performance in Multi-Armed Bandits},
  author={Pandya, Ravi and Huang, Sandy H and Hadfield-Menell, Dylan and Dragan, Anca D},
  booktitle={Proceedings of AAAI/ACM conference on Artificial Intelligence, Ethics, and Society (AIES)},
  year={2019}
}

@inproceedings{suh2016label,
  title={The label complexity of mixed-initiative classifier training},
  author={Suh, Jina and Zhu, Xiaojin and Amershi, Saleema},
  booktitle={International Conference on Machine Learning},
  pages={2800--2809},
  year={2016}
}

@article{cakmak2014eliciting,
  title={Eliciting good teaching from humans for machine learners},
  author={Cakmak, Maya and others},
  journal={Artificial Intelligence},
  volume={217},
  pages={198--215},
  year={2014},
  publisher={Elsevier}
}

@inproceedings{liu2017iterative,
  title={Iterative machine teaching},
  author={Liu, Weiyang and Dai, Bo and Humayun, Ahmad and Tay, Charlene and Yu, Chen and Smith, Linda B and Rehg, James M and Song, Le},
  booktitle={Proceedings of the 34th International Conference on Machine Learning-Volume 70},
  pages={2149--2158},
  year={2017},
  organization={JMLR. org}
}


% ===========================================================================
% Interactive Learning + Explanations
% ===========================================================================

@inproceedings{kulesza2015principles,
  title={Principles of explanatory debugging to personalize interactive machine learning},
  author={Kulesza, Todd and Burnett, Margaret and Wong, Weng-Keen and Stumpf, Simone},
  booktitle={Proceedings of the 20th International Conference on Intelligent User Interfaces},
  pages={126--137},
  year={2015},
  organization={ACM}
}

@inproceedings{phillips2018interpretable,
  title={Interpretable Active Learning},
  author={Phillips, Richard and Chang, Kyu Hyun and Friedler, Sorelle A},
  booktitle={Conference on Fairness, Accountability, and Transparency},
  year={2018}
}

@article{sen2018supervising,
  title={Supervising Feature Influence},
  author={Sen, Shayak and Mardziel, Piotr and Datta, Anupam and Fredrikson, Matthew},
  journal={arXiv preprint arXiv:1803.10815},
  year={2018}
}

@inproceedings{teso2019explanatory,
  title={Explanatory Interactive Machine Learning},
  author={Teso, Stefano and Kersting, Kristian},
  booktitle={Proceedings of AIES'19},
  year={2019}
}

@article{schramowski2020right,
  title={Right for the wrong scientific reasons: Revising deep networks by interacting with their explanations},
  author={Schramowski, Patrick and Stammer, Wolfgang and Teso, Stefano and Brugger, Anna and Shao, Xiaoting and Luigs, Hans-Georg and Mahlein, Anne-Katrin and Kersting, Kristian},
  journal={arXiv preprint arXiv:2001.05371},
  year={2020}
}

@article{lertvittayakumjorn2020find,
  title={FIND: Human-in-the-Loop Debugging Deep Text Classifiers},
  author={Lertvittayakumjorn, Piyawat and Specia, Lucia and Toni, Francesca},
  journal={arXiv preprint arXiv:2010.04987},
  year={2020}
}

@article{popordanoska2020machine,
  title={Machine guides, human supervises: Interactive learning with global explanations},
  author={Popordanoska, Teodora and Kumar, Mohit and Teso, Stefano},
  journal={arXiv preprint arXiv:2009.09723},
  year={2020}
}

@inproceedings{lage2018human,
  title={Human-in-the-loop interpretability prior},
  author={Lage, Isaac and Ross, Andrew and Gershman, Samuel J and Kim, Been and Doshi-Velez, Finale},
  booktitle={Advances in Neural Information Processing Systems},
  pages={10159--10168},
  year={2018}
}

@inproceedings{teso2019toward,
  title={Toward Faithful Explanatory Active Learning with Self-explainable Neural Nets},
  author={Teso, Stefano},
  booktitle={Proceedings of the Workshop on Interactive Adaptive Learning (IAL 2019)},
  pages={4--16},
  year={2019},
  organization={CEUR Workshop Proceedings}
}

@article{sokol2020one,
  title={One explanation does not fit all},
  author={Sokol, Kacper and Flach, Peter},
  journal={KI-K{\"u}nstliche Intelligenz},
  pages={1--16},
  year={2020},
  publisher={Springer}
}

@article{decoste2002training,
  title={Training invariant support vector machines},
  author={Decoste, Dennis and Sch{\"o}lkopf, Bernhard},
  journal={Machine learning},
  volume={46},
  number={1-3},
  pages={161--190},
  year={2002},
  publisher={Springer}
}

@inproceedings{bucilua2006model,
  title={Model compression},
  author={Buciluǎ, Cristian and Caruana, Rich and Niculescu-Mizil, Alexandru},
  booktitle={Proceedings of the 12th ACM SIGKDD international conference on Knowledge discovery and data mining},
  pages={535--541},
  year={2006}
}

@article{freitas2014comprehensible,
  title={Comprehensible classification models: a position paper},
  author={Freitas, Alex A},
  journal={ACM SIGKDD explorations newsletter},
  volume={15},
  number={1},
  pages={1--10},
  year={2014},
  publisher={ACM New York, NY, USA}
}

@inproceedings{lakkaraju2016interpretable,
  title={Interpretable decision sets: A joint framework for description and prediction},
  author={Lakkaraju, Himabindu and Bach, Stephen H and Leskovec, Jure},
  booktitle={Proceedings of the 22nd ACM SIGKDD international conference on knowledge discovery and data mining},
  pages={1675--1684},
  year={2016}
}

@inproceedings{bogaerts2020step,
  title={Step-wise explanations of constraint satisfaction problems},
  author={Bogaerts, Bart and Gamba, Emilio and Claes, Jens and Guns, Tias},
  booktitle={24th European Conference on Artificial Intelligence (ECAI)},
  year={2020}
}

@inproceedings{guo2010gaussian,
  title={Gaussian process preference elicitation},
  author={Guo, Shengbo and Sanner, Scott and Bonilla, Edwin V},
  booktitle={Advances in neural information processing systems},
  pages={262--270},
  year={2010}
}

@techreport{settles2009active,
  title={Active learning literature survey},
  author={Settles, Burr},
  year={2009},
  institution={University of Wisconsin-Madison Department of Computer Sciences}
}