@inproceedings{roitransformer,
  title={Learning RoI transformer for oriented object detection in aerial images},
  author={Ding, Jian and Xue, Nan and Long, Yang and Xia, Gui-Song and Lu, Qikai},
  booktitle={Proceedings of the IEEE/CVF Conference on Computer Vision and Pattern Recognition},
  pages={2849--2858},
  year={2019}
}

@inproceedings{scrdet,
  title={Scrdet: Towards more robust detection for small, cluttered and rotated objects},
  author={Yang, Xue and Yang, Jirui and Yan, Junchi and Zhang, Yue and Zhang, Tengfei and Guo, Zhi and Sun, Xian and Fu, Kun},
  booktitle={Proceedings of the IEEE/CVF international conference on computer vision},
  pages={8232--8241},
  year={2019}
}
@article{qian2022rsdet++,
  title={RSDet++: Point-based modulated loss for more accurate rotated object detection},
  author={Qian, Wen and Yang, Xue and Peng, Silong and Zhang, Xiujuan and Yan, Junchi},
  journal={IEEE Transactions on Circuits and Systems for Video Technology},
  volume={32},
  number={11},
  pages={7869--7879},
  year={2022},
  publisher={IEEE}
}

@inproceedings{han2021ReDet,
  title={Redet: A rotation-equivariant detector for aerial object detection},
  author={Han, Jiaming and Ding, Jian and Xue, Nan and Xia, Gui-Song},
  booktitle={Proceedings of the IEEE/CVF Conference on Computer Vision and Pattern Recognition},
  pages={2786--2795},
  year={2021}
}

@inproceedings{yang2019reppoints,
  title={Reppoints: Point set representation for object detection},
  author={Yang, Ze and Liu, Shaohui and Hu, Han and Wang, Liwei and Lin, Stephen},
  booktitle={Proceedings of the IEEE/CVF international conference on computer vision},
  pages={9657--9666},
  year={2019}
}

@inproceedings{qian2021rsdet,
  title={Learning modulated loss for rotated object detection},
  author={Qian, Wen and Yang, Xue and Peng, Silong and Yan, Junchi and Guo, Yue},
  booktitle={Proceedings of the AAAI conference on artificial intelligence},
  volume={35},
  number={3},
  pages={2458--2466},
  year={2021}
}

@inproceedings{yang2021r3det,
  title={R3det: Refined single-stage detector with feature refinement for rotating object},
  author={Yang, Xue and Yan, Junchi and Feng, Ziming and He, Tao},
  booktitle={Proceedings of the AAAI conference on artificial intelligence},
  volume={35},
  number={4},
  pages={3163--3171},
  year={2021}
}

@article{han2021s2anet,
  title={Align deep features for oriented object detection},
  author={Han, Jiaming and Ding, Jian and Li, Jie and Xia, Gui-Song},
  journal={IEEE Transactions on Geoscience and Remote Sensing},
  volume={60},
  pages={1--11},
  year={2021},
  publisher={IEEE}
}

@inproceedings{pan2020drn,
  title={Dynamic refinement network for oriented and densely packed object detection},
  author={Pan, Xingjia and Ren, Yuqiang and Sheng, Kekai and Dong, Weiming and Yuan, Haolei and Guo, Xiaowei and Ma, Chongyang and Xu, Changsheng},
  booktitle={Proceedings of the IEEE/CVF Conference on Computer Vision and Pattern Recognition},
  pages={11207--11216},
  year={2020}
}

@inproceedings{li2022oriented,
  title={Oriented reppoints for aerial object detection},
  author={Li, Wentong and Chen, Yijie and Hu, Kaixuan and Zhu, Jianke},
  booktitle={Proceedings of the IEEE/CVF conference on computer vision and pattern recognition},
  pages={1829--1838},
  year={2022}
}

@inproceedings{rezatofighi2019convexiou,
  title={Generalized intersection over union: A metric and a loss for bounding box regression},
  author={Rezatofighi, Hamid and Tsoi, Nathan and Gwak, JunYoung and Sadeghian, Amir and Reid, Ian and Savarese, Silvio},
  booktitle={Proceedings of the IEEE/CVF conference on computer vision and pattern recognition},
  pages={658--666},
  year={2019}
}

@inproceedings{cohen2016group,
  title={Group equivariant convolutional networks},
  author={Cohen, Taco and Welling, Max},
  booktitle={International conference on machine learning},
  pages={2990--2999},
  year={2016},
  organization={PMLR}
}

@article{weiler2019general,
  title={General e (2)-equivariant steerable cnns},
  author={Weiler, Maurice and Cesa, Gabriele},
  journal={Advances in neural information processing systems},
  volume={32},
  year={2019}
}

@ARTICLE{9560031,
  author={Ding, Jian and Xue, Nan and Xia, Gui-Song and Bai, Xiang and Yang, Wen and Yang, Michael and Belongie, Serge and Luo, Jiebo and Datcu, Mihai and Pelillo, Marcello and Zhang, Liangpei},
  journal={IEEE Transactions on Pattern Analysis and Machine Intelligence},
  title={Object Detection in Aerial Images: A Large-Scale Benchmark and Challenges},
  year={2021},
  volume={},
  number={},
  pages={1-1},
  doi={10.1109/TPAMI.2021.3117983}}

@InProceedings{DOTA,
author = {Xia, Gui-Song and Bai, Xiang and Ding, Jian and Zhu, Zhen and Belongie, Serge and Luo, Jiebo and Datcu, Mihai and Pelillo, Marcello and Zhang, Liangpei},
title = {DOTA: A Large-Scale Dataset for Object Detection in Aerial Images},
booktitle = {The IEEE Conference on Computer Vision and Pattern Recognition (CVPR)},
month = {June},
year = {2018}
}

@inproceedings{yang2021rethinking,
  title={Rethinking rotated object detection with gaussian wasserstein distance loss},
  author={Yang, Xue and Yan, Junchi and Ming, Qi and Wang, Wentao and Zhang, Xiaopeng and Tian, Qi},
  booktitle={International conference on machine learning},
  pages={11830--11841},
  year={2021},
  organization={PMLR}
}

@article{everingham2010pascal,
  title={The pascal visual object classes (voc) challenge},
  author={Everingham, Mark and Van Gool, Luc and Williams, Christopher KI and Winn, John and Zisserman, Andrew},
  journal={International journal of computer vision},
  volume={88},
  pages={303--338},
  year={2010},
  publisher={Springer}
}

@inproceedings{zhu2019deformable,
  title={Deformable convnets v2: More deformable, better results},
  author={Zhu, Xizhou and Hu, Han and Lin, Stephen and Dai, Jifeng},
  booktitle={Proceedings of the IEEE/CVF conference on computer vision and pattern recognition},
  pages={9308--9316},
  year={2019}
}

@inproceedings{romero2020attentive,
  title={Attentive group equivariant convolutional networks},
  author={Romero, David and Bekkers, Erik and Tomczak, Jakub and Hoogendoorn, Mark},
  booktitle={International Conference on Machine Learning},
  pages={8188--8199},
  year={2020},
  organization={PMLR}
}

@inproceedings{zhou2022mmrotate,
  title={Mmrotate: A rotated object detection benchmark using pytorch},
  author={Zhou, Yue and Yang, Xue and Zhang, Gefan and Wang, Jiabao and Liu, Yanyi and Hou, Liping and Jiang, Xue and Liu, Xingzhao and Yan, Junchi and Lyu, Chengqi and others},
  booktitle={Proceedings of the 30th ACM International Conference on Multimedia},
  pages={7331--7334},
  year={2022}
}

@inproceedings{guo2021beyond,
  title={Beyond bounding-box: Convex-hull feature adaptation for oriented and densely packed object detection},
  author={Guo, Zonghao and Liu, Chang and Zhang, Xiaosong and Jiao, Jianbin and Ji, Xiangyang and Ye, Qixiang},
  booktitle={Proceedings of the IEEE/CVF conference on Computer Vision and Pattern Recognition},
  pages={8792--8801},
  year={2021}
}

@inproceedings{marcos2017rotation,
  title={Rotation equivariant vector field networks},
  author={Marcos, Diego and Volpi, Michele and Komodakis, Nikos and Tuia, Devis},
  booktitle={Proceedings of the IEEE International Conference on Computer Vision},
  pages={5048--5057},
  year={2017}
}

@inproceedings{li2019FAOD,
  title={Feature-attentioned object detection in remote sensing imagery},
  author={Li, Chengzheng and Xu, Chunyan and Cui, Zhen and Wang, Dan and Zhang, Tong and Yang, Jian},
  booktitle={2019 IEEE international conference on image processing (ICIP)},
  pages={3886--3890},
  year={2019},
  organization={IEEE}
}

@article{xu2020gliding,
  title={Gliding vertex on the horizontal bounding box for multi-oriented object detection},
  author={Xu, Yongchao and Fu, Mingtao and Wang, Qimeng and Wang, Yukang and Chen, Kai and Xia, Gui-Song and Bai, Xiang},
  journal={IEEE transactions on pattern analysis and machine intelligence},
  volume={43},
  number={4},
  pages={1452--1459},
  year={2020},
  publisher={IEEE}
}

@inproceedings{ming2021dynamic,
  title={Dynamic anchor learning for arbitrary-oriented object detection},
  author={Ming, Qi and Zhou, Zhiqiang and Miao, Lingjuan and Zhang, Hongwei and Li, Linhao},
  booktitle={Proceedings of the AAAI Conference on Artificial Intelligence},
  volume={35},
  number={3},
  pages={2355--2363},
  year={2021}
}

@article{yang2022kfiou,
  title={The KFIoU loss for rotated object detection},
  author={Yang, Xue and Zhou, Yue and Zhang, Gefan and Yang, Jirui and Wang, Wentao and Yan, Junchi and Zhang, Xiaopeng and Tian, Qi},
  journal={arXiv preprint arXiv:2201.12558},
  year={2022}
}

@inproceedings{chen2020piou,
  title={Piou loss: Towards accurate oriented object detection in complex environments},
  author={Chen, Zhiming and Chen, Kean and Lin, Weiyao and See, John and Yu, Hui and Ke, Yan and Yang, Cong},
  booktitle={Computer Vision--ECCV 2020: 16th European Conference, Glasgow, UK, August 23--28, 2020, Proceedings, Part V 16},
  pages={195--211},
  year={2020},
  organization={Springer}
}

@article{wei2020o2det,
  title={Oriented objects as pairs of middle lines},
  author={Wei, Haoran and Zhang, Yue and Chang, Zhonghan and Li, Hao and Wang, Hongqi and Sun, Xian},
  journal={ISPRS Journal of Photogrammetry and Remote Sensing},
  volume={169},
  pages={268--279},
  year={2020},
  publisher={Elsevier}
}

@inproceedings{guo2021CFA,
  title={Beyond bounding-box: Convex-hull feature adaptation for oriented and densely packed object detection},
  author={Guo, Zonghao and Liu, Chang and Zhang, Xiaosong and Jiao, Jianbin and Ji, Xiangyang and Ye, Qixiang},
  booktitle={Proceedings of the IEEE/CVF conference on Computer Vision and Pattern Recognition},
  pages={8792--8801},
  year={2021}
}

@inproceedings{lin2017focal,
  title={Focal loss for dense object detection},
  author={Lin, Tsung-Yi and Goyal, Priya and Girshick, Ross and He, Kaiming and Doll{\'a}r, Piotr},
  booktitle={Proceedings of the IEEE international conference on computer vision},
  pages={2980--2988},
  year={2017}
}

@inproceedings{he2017mask,
  title={Mask r-cnn},
  author={He, Kaiming and Gkioxari, Georgia and Doll{\'a}r, Piotr and Girshick, Ross},
  booktitle={Proceedings of the IEEE international conference on computer vision},
  pages={2961--2969},
  year={2017}
}

@inproceedings{chen2019hybrid,
  title={Hybrid task cascade for instance segmentation},
  author={Chen, Kai and Pang, Jiangmiao and Wang, Jiaqi and Xiong, Yu and Li, Xiaoxiao and Sun, Shuyang and Feng, Wansen and Liu, Ziwei and Shi, Jianping and Ouyang, Wanli and others},
  booktitle={Proceedings of the IEEE/CVF conference on computer vision and pattern recognition},
  pages={4974--4983},
  year={2019}
}

@inproceedings{gupta2021rotation,
  title={Rotation equivariant siamese networks for tracking},
  author={Gupta, Deepak K and Arya, Devanshu and Gavves, Efstratios},
  booktitle={Proceedings of the IEEE/CVF Conference on Computer Vision and Pattern Recognition},
  pages={12362--12371},
  year={2021}
}

@inproceedings{cesa2021program,
  title={A program to build E (N)-equivariant steerable CNNs},
  author={Cesa, Gabriele and Lang, Leon and Weiler, Maurice},
  booktitle={International Conference on Learning Representations},
  year={2021}
}

@inproceedings{veeling2018rotation,
  title={Rotation equivariant CNNs for digital pathology},
  author={Veeling, Bastiaan S and Linmans, Jasper and Winkens, Jim and Cohen, Taco and Welling, Max},
  booktitle={Medical Image Computing and Computer Assisted Intervention--MICCAI 2018: 21st International Conference, Granada, Spain, September 16-20, 2018, Proceedings, Part II 11},
  pages={210--218},
  year={2018},
  organization={Springer}
}

@inproceedings{lee2023learning,
  title={Learning Rotation-Equivariant Features for Visual Correspondence},
  author={Lee, Jongmin and Kim, Byungjin and Kim, Seungwook and Cho, Minsu},
  booktitle={Proceedings of the IEEE/CVF Conference on Computer Vision and Pattern Recognition},
  pages={21887--21897},
  year={2023}
}