@article{ohno2016using,
  title={Using health information technology for clinical decision support and predictive analytics},
  author={Ohno-Machado, Lucila},
  journal={Journal of the American Medical Informatics Association},
  volume={24},
  number={1},
  pages={1--1},
  year={2016},
  publisher={Oxford University Press}
}
@article{komorowski2018artificial,
  title={The Artificial Intelligence Clinician learns optimal treatment strategies for sepsis in intensive care},
  author={Komorowski, Matthieu and Celi, Leo A and Badawi, Omar and Gordon, Anthony C and Faisal, A Aldo},
  journal={Nature Medicine},
  volume={24},
  number={11},
  pages={1716},
  year={2018},
  publisher={Nature Publishing Group}
}
@article{raghu2017continuous,
  title={Continuous state-space models for optimal sepsis treatment-a deep reinforcement learning approach},
  author={Raghu, Aniruddh and Komorowski, Matthieu and Celi, Leo Anthony and Szolovits, Peter and Ghassemi, Marzyeh},
  journal={arXiv preprint arXiv:1705.08422},
  year={2017}
}
@article{lin2017extracorporeal,
  title={Extracorporeal membrane oxygenation for severe pediatric respiratory failure},
  author={Lin, John C},
  journal={Respiratory care},
  volume={62},
  number={6},
  pages={732--750},
  year={2017},
  publisher={Respiratory Care}
}
@article{westert2018medical,
  title={Medical practice variation: public reporting a first necessary step to spark change},
  author={Westert, Gert P and Groenewoud, Stef and Wennberg, John E and Gerard, Catherine and DaSilva, Phil and Atsma, Femke and Goodman, David C},
  journal={International Journal for Quality in Health Care},
  volume={30},
  number={9},
  pages={731--735},
  year={2018},
  publisher={Oxford University Press}
}
@book{brownlee2010overtreated,
  title={Overtreated: Why too much medicine is making us sicker and poorer},
  author={Brownlee, Shannon},
  year={2010},
  publisher={Bloomsbury Publishing USA}
}
@article{karimi2017national,
  title={National trends and variability in blood utilization in paediatric cardiac surgery},
  author={Karimi, Mohsen and Sullivan, Jill M and Lerer, Trudy and Hronek, Carla},
  journal={Interactive cardiovascular and thoracic surgery},
  volume={24},
  number={6},
  pages={938--943},
  year={2017},
  publisher={Oxford University Press}
}
@article{lilot2015variability,
  title={Variability in practice and factors predictive of total crystalloid administration during abdominal surgery: retrospective two-centre analysis},
  author={Lilot, M and Ehrenfeld, JM and Lee, C and Harrington, B and Cannesson, M and Rinehart, J},
  journal={British journal of anaesthesia},
  volume={114},
  number={5},
  pages={767--776},
  year={2015},
  publisher={Oxford University Press}
}
@article{weisz2007emergence,
  title={The emergence of clinical practice guidelines},
  author={Weisz, George and Cambrosio, Alberto and Keating, Peter and Knaapen, Loes and Schlich, Thomas and Tournay, Virginie J},
  journal={The Milbank Quarterly},
  volume={85},
  number={4},
  pages={691--727},
  year={2007},
  publisher={Wiley Online Library}
}
@article{osheroff2007roadmap,
  title={A roadmap for national action on clinical decision support},
  author={Osheroff, Jerome A and Teich, Jonathan M and Middleton, Blackford and Steen, Elaine B and Wright, Adam and Detmer, Don E},
  journal={Journal of the American medical informatics association},
  volume={14},
  number={2},
  pages={141--145},
  year={2007},
  publisher={BMJ Group BMA House, Tavistock Square, London, WC1H 9JR}
}
@article{middleton2016clinical,
  title={Clinical decision support: a 25 year retrospective and a 25 year vision},
  author={Middleton, B and Sittig, DF and Wright, A},
  journal={Yearbook of medical informatics},
  volume={25},
  number={S 01},
  pages={S103--S116},
  year={2016},
  publisher={Georg Thieme Verlag KG}
}
@inproceedings{natarajan2011imitation,
  title={Imitation learning in relational domains: A functional-gradient boosting approach},
  author={Natarajan, Sriraam and Joshi, Saket and Tadepalli, Prasad and Kersting, Kristian and Shavlik, Jude},
  booktitle={Twenty-Second International Joint Conference on Artificial Intelligence},
  year={2011}
}
@article{blockeel1998top,
  title={Top-down induction of first-order logical decision trees},
  author={Blockeel, Hendrik and De Raedt, Luc},
  journal={Artificial intelligence},
  volume={101},
  number={1-2},
  pages={285--297},
  year={1998},
  publisher={Elsevier}
}
@book{muggleton1992inductive,
  title={Inductive logic programming},
  author={Muggleton, Stephen},
  number={38},
  year={1992},
  publisher={Morgan Kaufmann}
}
@book{natarajan2015boosted,
  title={Boosted statistical relational learners: From benchmarks to data-driven medicine},
  author={Natarajan, Sriraam and Kersting, Kristian and Khot, Tushar and Shavlik, Jude},
  year={2015},
  publisher={Springer}
}
@incollection{de2008probabilistic,
  title={Probabilistic inductive logic programming},
  author={De Raedt, Luc and Kersting, Kristian},
  booktitle={Probabilistic Inductive Logic Programming},
  pages={1--27},
  year={2008},
  publisher={Springer}
}
@article{raedt2016statistical,
  title={Statistical relational artificial intelligence: Logic, probability, and computation},
  author={Raedt, Luc De and Kersting, Kristian and Natarajan, Sriraam and Poole, David},
  journal={Synthesis Lectures on Artificial Intelligence and Machine Learning},
  volume={10},
  number={2},
  pages={1--189},
  year={2016},
  publisher={Morgan \& Claypool Publishers}
}