@book{mitchell1997machineLearning,
  author    = {Tom M. Mitchell},
  title     = {Machine learning},
  publisher = {McGraw-Hill},
  year      = {1997}
}

@inproceedings{chen2016xgboost,
  title={{XGBoost}: A scalable tree boosting system},
  author={Chen, Tianqi and Guestrin, Carlos},
  booktitle={ACM International Conference on Knowledge Discovery and Data Mining (SIGKDD)},
  pages={785--794},
  year={2016}
}

@article{kleinberg1999authoritative,
 author = {Kleinberg, Jon M.},
 title = {Authoritative Sources in a Hyperlinked Environment},
 journal = {J. ACM},
 volume = {46},
 number = {5},
 year = {1999},
 pages = {604--632}
} 


@inproceedings{kurant2011walkingOn,
 author = {Kurant, Maciej and Gjoka, Minas and Butts, Carter T. and Markopoulou, Athina},
 title = {Walking on a Graph with a Magnifying Glass: Stratified Sampling via Weighted Random Walks},
 booktitle = {ACM Joint International Conference on Measurement and Modeling of Computer Systems (SIGMETRICS)},
 year = {2011},
 pages = {281--292}
} 

@INPROCEEDINGS{gojka2010walkingInFacebook, 
author={M. Gjoka and M. Kurant and C. T. Butts and A. Markopoulou}, 
booktitle={INFOCOM}, 
title={Walking in Facebook: A Case Study of Unbiased Sampling of OSNs}, 
year={2010}, 
pages={1-9}
}

@article{drummond2006costCurves,
 author = {Drummond, Chris and Holte, Robert C.},
 title = {Cost Curves: An Improved Method for Visualizing Classifier Performance},
 journal = {Mach. Learn.},
 volume = {65},
 number = {1},
 year = {2006},
 pages = {95--130}
} 

@article{katz1953aNewStatus,
  author = {Katz, Leo},
  journal = {Psychometrika},
  number = 1,
  pages = {39-43},
  title = {A new status index derived from sociometric analysis},
  volume = 18,
  year = 1953
}



@inproceedings{backstrom2006groupFormation,
 author = {Backstrom, Lars and Huttenlocher, Dan and Kleinberg, Jon and Lan, Xiangyang},
 title = {Group Formation in Large Social Networks: Membership, Growth, and Evolution},
 booktitle = {ACM SIGKDD International Conference on Knowledge Discovery and Data Mining},
 year = {2006},
 pages = {44--54}
} 

@article{leskovec2009community,
  title={Community structure in large networks: Natural cluster sizes and the absence of large well-defined clusters},
  author={Leskovec, Jure and Lang, Kevin J and Dasgupta, Anirban and Mahoney, Michael W},
  journal={Internet Mathematics},
  volume={6},
  number={1},
  pages={29--123},
  year={2009}
}
@inproceedings{takac2012data,
  title={Data analysis in public social networks},
  author={Takac, Lubos and Zabovsky, Michal},
  booktitle={International Scientific Conference and International Workshop Present Day Trends of Innovations},
  pages={1--6},
  year={2012}
}


@book{russell2010artificialIntelligence,
  author    = {Stuart J. Russell and
               Peter Norvig},
  title     = {Artificial Intelligence - {A} Modern Approach},
  publisher = {Pearson Education},
  year      = {2010}
}



@inproceedings{vempaty1991depthFirst,
 author = {Vempaty, Nageshwara Rao and Kumar, Vipin and Korf, Richard E.},
 title = {Depth-first vs Best-first Search},
 booktitle = {National Conference on Artificial Intelligence (AAAI)},
 year = {1991},
 pages = {434--440}
} 


@article{mcpherson2001birds,
  title={Birds of a feather: Homophily in social networks},
  author={McPherson, Miller and Smith-Lovin, Lynn and Cook, James M},
  journal={Annual review of sociology},
  pages={415--444},
  year={2001}
}


@inproceedings{samama2014extended,
  title={Extended Framework for Target Oriented Network Intelligence Collection},
  author={L. Samama-Kachko  and R. Puzis  and R. Stern  and A. Felner },
  booktitle={Symposium on Combinatorial Search (SoCS)},
  year={2014}
}


@inproceedings{stern2013tonic,
  title={{TONIC: Target Oriented Network Intelligence Collection for the Social Web}},
  author={R. T. Stern  and  L. Samama and R. Puzis and T. Beja  and Z. Bnaya  and A. Felner },
  booktitle={AAAI},
  year={2013}
}



@article{lee2006statistical,
  title={Statistical properties of sampled networks},
  author={Lee, Sang Hoon and Kim, Pan-Jun and Jeong, Hawoong},
  journal={Physical Review E},
  volume={73},
  number={1},
  pages={016102},
  year={2006},
  publisher={APS}
}


@article{leskovec2007graph,
  title={Graph evolution: Densification and shrinking diameters},
  author={Leskovec, Jure and Kleinberg, Jon and Faloutsos, Christos},
  journal={ACM Transactions on Knowledge Discovery from Data (TKDD)},
  volume={1},
  number={1},
  pages={2},
  year={2007},
  publisher={ACM}
}


@incollection{stealingReality,
year={2013},
booktitle={Security and Privacy in Social Networks},
editor={Altshuler, Yaniv and Elovici, Yuval and Cremers, Armin B. and Aharony, Nadav and Pentland, Alex},
title={Stealing Reality: When Criminals Become Data Scientists (or Vice Versa)},
publisher={Springer New York},
author={Altshuler, Yaniv and Aharony, Nadav and Elovici, Yuval and Pentland, Alex and Cebrian, Manuel},
pages={133-151},
language={English}
}


@article{fouchier2013h5n1,
  title={H5N1 virus: Transmission studies resume for avian flu},
  author={Fouchier, Ron AM and Garc{\'\i}a-Sastre, Adolfo and Kawaoka, Yoshihiro and others},
  journal={Nature},
  volume={493},
  number={7434},
  pages={609--609},
  year={2013},
  publisher={Nature Publishing Group}
}

@article{bnaya2013volatile,
  title={Volatile multi-armed bandits for guaranteed targeted social crawling},
  author={Bnaya, Zahy and Puzis, Rami and Stern, Roni and Felner, Ariel},
  journal={Late breaking papers at the Twenty-Seventh AAAI Conference on Artificial Intelligence},
  year={2013}
}


@article{bnaya2013social-journal,
  title={Social Network Search as a Volatile Multi-armed Bandit Problem},
  author={Z. Bnaya and R. Puzis and R. Stern and A. Felner},
  journal={ASE Human},
  volume={2},
  number={2},
  pages={pp--84},
  year={2013}
}


@article{AAAA,
title={Universal Web Pages Content Parser},
author={Pawlas, P. and Domanski, A. and Domanska, J.},
pages={130--138},
year={2012},
booktitle={Computer Networks},
volume={291},
series={Communications in Computer and Information Science},
publisher={Springer Berlin Heidelberg}
}


@article{milgram1967small,
  title={The small world problem},
  author={Milgram, Stanley},
  journal={Psychology today},
  volume={2},
  number={1},
  pages={60--67},
  year={1967},
  publisher={New York}
}

@article{ugander2011anatomy,
  title={The anatomy of the facebook social graph},
  author={Ugander, Johan and Karrer, Brian and Backstrom, Lars and Marlow, Cameron},
  journal={arXiv preprint arXiv:1111.4503},
  year={2011}
}

@inproceedings{bnaya2013bandit,
  author    = {Zahy Bnaya and
               Rami Puzis and
               Roni Stern and
               Ariel Felner},
  title     = {Bandit Algorithms for Social Network Queries},
  booktitle = {SocialCom},
  year      = {2013},
  pages     = {148--153}
}

@inproceedings{korolova2008link,
  title={Link privacy in social networks},
  author={Korolova, Aleksandra and Motwani, Rajeev and Nabar, Shubha U and Xu, Ying},
  booktitle={Proceedings of the 17th ACM conference on Information and knowledge management},
  pages={289--298},
  year={2008},
  organization={ACM}
}

@inproceedings{mislove2007measurement,
  title={Measurement and analysis of online social networks},
  author={Mislove, Alan and Marcon, Massimiliano and Gummadi, Krishna P and Druschel, Peter and Bhattacharjee, Bobby},
  booktitle={Proceedings of the 7th ACM SIGCOMM conference on Internet measurement},
  pages={29--42},
  year={2007},
  organization={ACM}
}

@inproceedings{bonneau2009prying,
  title={Prying data out of a social network},
  author={Bonneau, Joseph and Anderson, Jonathan and Danezis, George},
  booktitle={Social Network Analysis and Mining, 2009. ASONAM'09. International Conference on Advances in},
  pages={249--254},
  year={2009},
  organization={IEEE}
}

@inproceedings{chau2007parallel,
  title={Parallel crawling for online social networks},
  author={Chau, Duen Horng and Pandit, Shashank and Wang, Samuel and Faloutsos, Christos},
  booktitle={Proceedings of the 16th international conference on World Wide Web},
  pages={1283--1284},
  year={2007},
  organization={ACM}
}

@article{zilberstein96usingAnytime,
  author    = {Shlomo Zilberstein},
  title     = {Using Anytime Algorithms in Intelligent Systems},
  journal   = {AI Magazine},
  volume    = {17},
  number    = {3},
  year      = {1996},
  pages     = {73-83}
}

@book{croft2010search,
  title={Search engines: Information retrieval in practice},
  author={Croft, W.B. and Metzler, D. and Strohman, T.},
  year={2010},
  publisher={Addison-Wesley}
}

@article{tang2010aCombinationApproach,
 author = {Tang, Jie and Yao, Limin and Zhang, Duo and Zhang, Jing},
 title = {A Combination Approach to Web User Profiling},
 journal = {ACM Trans. Knowl. Discov. Data},
 volume = {5},
 number = {1},
 year = {2010},
 pages = {2:1--2:44},
 articleno = {2},
 numpages = {44},
 publisher = {ACM}
}

@inproceedings{tang2012inferring,
  title={Inferring social ties across heterogenous networks},
  author={Tang, Jie and Lou, Tiancheng and Kleinberg, Jon},
  booktitle={Proceedings of the fifth ACM international conference on Web search and data mining},
  pages={743--752},
  year={2012},
  organization={ACM}
}


@inproceedings{dong2012link,
  title={Link prediction and recommendation across heterogeneous social networks},
  author={Dong, Yuxiao and Tang, Jie and Wu, Sen and Tian, Jilei and Chawla, Nitesh V and Rao, Jinghai and Cao, Huanhuan},
  booktitle={2012 IEEE 12th International Conference on Data Mining},
  pages={181--190},
  year={2012},
  organization={IEEE}
}

@inproceedings{davis2011multi,
  title={Multi-relational link prediction in heterogeneous information networks},
  author={Davis, Darcy and Lichtenwalter, Ryan and Chawla, Nitesh V},
  booktitle={Advances in Social Networks Analysis and Mining (ASONAM), 2011 International Conference on},
  pages={281--288},
  year={2011},
  organization={IEEE}
}

@BOOK{altshuler2012security,
title={Security and Privacy in Social Networks},
AUTHOR={Yaniv Altshuler and Yuval Elovici and Armin B. Cremers and Nadav Aharony and Alex Pentland},
PUBLISHER={Springer},
YEAR={2012}
}



@article{blondel2008fast,
  title={Fast unfolding of communities in large networks},
  author={Blondel, V.D. and Guillaume, J.L. and Lambiotte, R. and Lefebvre, E.},
  journal={Journal of Statistical Mechanics: Theory and Experiment},
  volume={2008},
  number={10},
  pages={P10008},
  year={2008},
  publisher={IOP Publishing}
}



@article{chang2006survey,
  title={A survey of web information extraction systems},
  author={Chang, C. and Kayed, M. and Girgis, M.R. and Shaalan, K.F. and others},
  journal={IEEE transactions on knowledge and data engineering},
  volume={18},
  number={10},
  pages={1411},
  year={2006},
  publisher={IEEE}
}

@article{dcg,
author={K. Jarvelin and J. Kekalainen},
title={Cumulated gain-based evaluation of IR techniques},
journal={ACM Trans. on Information Systems},
volume={20},
number={4},
pages={422--446},
year={2002}
}


@article{fire2013linkPrediction,
  title={Computationally efficient link prediction in a variety of social networks},
  author={M. Fire and L. Tenenboim-Chekina and R. Puzis and O. Lesser and L. Rokach and Y. Elovici},
  journal={ACM Transactions on Intelligent Systems and Technology (TIST)},
  volume={5},
  number={1},
  pages={10},
  year={2013},
  publisher={ACM}
}
@article{rokach2010ensembleBased,
  author    = {Lior Rokach},
  title     = {Ensemble-based classifiers},
  journal   = {Artif. Intell. Rev.},
  volume    = {33},
  number    = {1-2},
  year      = {2010},
  pages     = {1-39}
}

@article{Xu2008satzilla,
 author = {Xu, Lin and Hutter, Frank and Hoos, Holger H. and Leyton-Brown, Kevin},
 title = {SATzilla: portfolio-based algorithm selection for SAT},
 journal = {J. Artif. Int. Res.},
 volume = {32},
 number = {1},
 year = {2008},
 issn = {1076-9757},
 pages = {565--606}
}


@inproceedings{valenzano2010simultaneously,
  author    = {Richard Anthony Valenzano and
               Nathan R. Sturtevant and
               Jonathan Schaeffer and
               Karen Buro and
               Akihiro Kishimoto},
  title     = {Simultaneously Searching with Multiple Settings: An Alternative
               to Parameter Tuning for Suboptimal Single-Agent Search Algorithms},
  booktitle = {ICAPS},
  year      = {2010},
  pages     = {177-184}
}




@inproceedings{fire2012predictingStudent,
  author    = {Michael Fire and
               Gilad Katz and
               Yuval Elovici and
               Bracha Shapira and
               Lior Rokach},
  title     = {Predicting Student Exam's Scores by Analyzing Social Network
               Data},
  booktitle = {AMT},
  year      = {2012},
  pages     = {584-595}
}


@inproceedings{bonet2009deterministicPOMDP,
  author    = {Blai Bonet},
  title     = {Deterministic POMDPs Revisited},
  booktitle = {UAI},
  year      = {2009},
  pages     = {59-66}
}

@article{adamic2001searchInPowerLaw,
  title = {Search in power-law networks},
  author = {Adamic, Lada A. and Lukose, Rajan M. and Puniyani, Amit R. and Huberman, Bernardo A.},
  journal = {Phys. Rev. E},
  volume = {64},
  issue = {4},
  pages = {046135},
  numpages = {8},
  year = {2001},
  publisher = {American Physical Society}
}

@article{barabasi1999emergence,
author = {Albert-L{\'a}szl{\'o} Barab{\'a}si and R{\'e}ka },
title = {Emergence of Scaling in Random Networks},
volume = {286},
number = {5439},
pages = {509-512},
year = {1999},
journal = {Science}
}



@inproceedings{edelkamp2005costAlgebraic,
  author    = {Stefan Edelkamp and
               Shahid Jabbar and
               Alberto Lluch-Lafuente},
  title     = {Cost-Algebraic Heuristic Search},
  booktitle = {AAAI},
  year      = {2005},
  pages     = {1362-1367}
}

@article{chawla2002SMOTE,
  author = {Chawla, N.V. and Bowyer, K.W. and Hall, L.O. and Kegelmeyer, W.P.},
  journal = {Journal of Artificial Intelligence Research},
  pages = {321-357},
  title = {SMOTE: Synthetic Minority Over-sampling Technique},
  volume = 16,
  year = 2002
}



@inproceedings{DBLP:conf/aips/SternPF11,
  author    = {Roni Stern and
               Rami Puzis and
               Ariel Felner},
  title     = {Potential Search: A Bounded-Cost Search Algorithm},
  booktitle = {ICAPS},
  year      = {2011}
}

@article{stern2012findingPatterns,
  author    = {Roni Stern and
               Meir Kalech and
               Ariel Felner},
  title     = {Finding patterns in an unknown graph},
  journal   = {AI Commun.},
  volume    = {25},
  number    = {3},
  year      = {2012},
  pages     = {229-256}
}



@inproceedings{huang2006link,
  title={Link prediction based on graph topology: The predictive value of the generalized clustering coefficient},
  author={Huang, Z.},
  booktitle={Workshop on Link Analysis: Dynamics and Static of Large Networks (LinkKDD2006)},
  year={2006}
}

@ARTICLE{clustering,
AUTHOR={D. J. Watts and Steven Strogatz},
YEAR={1998},
TITLE={Collective dynamics of 'small-world' networks},
JOURNAL={Nature},
VOLUME={393},
NUMBER={6684}
}

@inproceedings{DBLP:conf/ijcai/Rintanen11,
  author    = {Jussi Rintanen},
  title     = {Planning with SAT, Admissible Heuristics and A*},
  booktitle = {IJCAI},
  year      = {2011},
  pages     = {2015-2020},
  ee        = {http://ijcai.org/papers11/Papers/IJCAI11-336.pdf},
}



@inproceedings{DBLP:conf/socs/KhorshidHS11,
  author    = {Mokhtar M. Khorshid and
               Robert C. Holte and
               Nathan R. Sturtevant},
  title     = {A Polynomial-Time Algorithm for Non-Optimal Multi-Agent
               Pathfinding},
  booktitle = {SOCS},
  year      = {2011}
}


@article{NATHANS,
author="N. Sturtevant",
year="2010",
title="Pathfinding Benchmarks",
journal="Available at http://movingai.com/benchmarks"}

@inproceedings{DBLP:conf/aaai/LunaB11,
  author    = {Ryan Luna and
               Kostas E. Bekris},
  title     = {An Efficient and Complete Approach for Cooperative Path-Finding},
  booktitle = {AAAI},
  year      = {2011}
}

@inproceedings{DBLP:conf/wafr/GradyBK10,
  author    = {Devin K. Grady and
               Kostas E. Bekris and
               Lydia E. Kavraki},
  title     = {Asynchronous Distributed Motion Planning with Safety Guarantees
               under Second-Order Dynamics},
  booktitle = {WAFR},
  year      = {2010},
  pages     = {53-70}
}

@inproceedings{DBLP:conf/atal/GilboaMF06,
  author    = {Arnon Gilboa and
               Amnon Meisels and
               Ariel Felner},
  title     = {Distributed navigation in an unknown physical environment},
  booktitle = {AAMAS},
  year      = {2006},
  pages     = {553-560}
}

@inproceedings{DBLP:conf/aaai/BergSHG11,
  author    = {Jur van den Berg and
               Rajat Shah and
               Arthur Huang and
               Kenneth Y. Goldberg},
  title     = {Anytime Nonparametric A},
  booktitle = {AAAI},
  year      = {2011}
}

@inproceedings{DBLP:conf/aaai/Korf97,
  author    = {Richard E. Korf},
  title     = {Finding Optimal Solutions to Rubik's Cube Using Pattern
               Databases},
  booktitle = {AAAI/IAAI},
  year      = {1997},
  pages     = {700-705}
}


@article{DBLP:journals/ai/BonetG01,
  author    = {Blai Bonet and
               Hector Geffner},
  title     = {Planning as heuristic search},
  journal   = {Artif. Intell.},
  volume    = {129},
  number    = {1-2},
  year      = {2001},
  pages     = {5-33}
}

@book{DBLP:books/sp/Helmert2008,
  author    = {Malte Helmert},
  title     = {Understanding Planning Tasks: Domain Complexity and Heuristic
               Decomposition},
  publisher = {Springer},
  series    = {Lecture Notes in Computer Science},
  volume    = {4929},
  year      = {2008},
  isbn      = {978-3-540-77722-9}
}

@inproceedings{SturtevantB06,
  author    = {Nathan R. Sturtevant and
               Michael H. Bowling},
  title     = {Robust game play against unknown opponents},
  booktitle = {AAMAS},
  year      = {2006},
  pages     = {713-719},
}

@inproceedings{SturtevantZB06,
  author    = {Nathan R. Sturtevant and
               Martin Zinkevich and
               Michael H. Bowling},
  title     = {Prob-Maxn: Playing N-Player Games with Opponent Models},
  booktitle = {AAAI},
  year      = {2006},
}

@inproceedings{SturtevantJ07,
  author    = {N. Sturtevant and
               M. Jansen},
  title     = {An Analysis of Map-Based Abstraction and Refinement},
  booktitle = {SARA},
  year      = {2007},
  pages     = {344-358},
}

@inproceedings{Sturtevant03,
  author    = {Nathan R. Sturtevant},
  title     = {Last-Branch and Speculative Pruning Algorithms for Max$^{\mbox{n}}$},
  booktitle = {IJCAI},
  year      = {2003},
  pages     = {669-678},
}

@inproceedings{Sturtevant04,
  author    = {Nathan R. Sturtevant},
  title     = {Current Challenges in Multi-player Game Search},
  booktitle = {Computers and Games},
  year      = {2004},
  pages     = {285-300},
}


@inproceedings{GUNI2011,
  author    = {G. Sharon and
               R. Stern and
               M. Goldenberg and
               A. Felner},
  title     = {The Increasing Cost Tree Search for Optimal Multi-Agent
               Pathfinding},
  booktitle = {IJCAI},
  year      = {2011},
  pages     = {662-667}
}

@inproceedings{standley2011,
  author    = {T. Standley and
                 R. Korf},
  title     = {Complete Algorithms for Cooperative Path-finding Problems
                  },
  booktitle = {IJCAI},
  year      = {2011},
  pages     = {668-673}
}

@inproceedings{GUNISOCS2011,
  author    = {G. Sharon and
               R. Stern and
               M. Goldenberg and
               A. Felner},
  title     = {Pruning Techniques for the Increasing Cost Tree Search for
               Optimal Multi-agent Pathfinding},
  booktitle = {SOCS},
  year      = {2011}
  }



@inproceedings{Sturtevant05,
  author    = {Nathan R. Sturtevant},
  title     = {Leaf-Value Tables for Pruning Non-Zero-Sum Games},
  booktitle = {IJCAI},
  year      = {2005},
  pages     = {317-323},
}

@article{BulitkoSLY07,
  author    = {Vadim Bulitko and
               Nathan R. Sturtevant and
               Jieshan Lu and
               Timothy Yau},
  title     = {Graph Abstraction in Real-time Heuristic Search},
  journal   = {J. Artif. Intell. Res. (JAIR)},
  volume    = {30},
  year      = {2007},
  pages     = {51-100},
}

@inproceedings{SturtevantBB10,
  author    = {Nathan R. Sturtevant and
               Vadim Bulitko and
               Yngvi Bj{\"o}rnsson},
  title     = {On learning in agent-centered search},
  booktitle = {AAMAS},
  year      = {2010},
  pages     = {333-340},
}

@inproceedings{Sturtevant07,
  author    = {Nathan R. Sturtevant},
  title     = {Memory-Efficient Abstractions for Pathfinding},
  booktitle = {AIIDE},
  year      = {2007},
  pages     = {31-36},
}

@inproceedings{SturtevantB05,
  author    = {Nathan R. Sturtevant and
               Michael Buro},
  title     = {Partial Pathfinding Using Map Abstraction and Refinement},
  booktitle = {AAAI},
  year      = {2005},
  pages     = {1392-1397},
}

@inproceedings{trees,
author = "E. Masehian and A.H. Nejad",
title = "Solvability of multi robot motion planning problems on trees.",
booktitle = "Proceedings of the 2009 IEEE/RSJ international conference on Intelligent robots and systems",
year = 2009,
pages = "5936 - 5941"
}

@MISC{CHAIIDE,
    author = {Nathan Sturtevant and Robert Geisberger},
    title = {A Comparison of High-Level Approaches for Speeding Up Pathfinding },
  booktitle = {AIIDE},
    year = {2010}
}

@inproceedings{CH,
  author    = {Robert Geisberger and
               Peter Sanders and
               Dominik Schultes and
               Daniel Delling},
  title     = {Contraction Hierarchies: Faster and Simpler Hierarchical
               Routing in Road Networks},
  booktitle = {WEA},
  year      = {2008},
  pages     = {319-333}
}


@ARTICLE{Tomlin98conflictresolution,
    author = {Claire Tomlin and George J. Pappas and Shankar Sastry},
    title = {Conflict Resolution for Air Traffic Management: a Study in Multi-Agent Hybrid Systems},
    journal = {IEEE Transactions on Automatic Control},
    year = {1998},
    volume = {43},
    pages = {509--521}
}

@MISC{Rock00randomizedkinodynamic,
    author = {Kindel Rock and Robert Kindel and Jean-Claude Latombe and Stephen Rock and David Hsu and Robert Jean-claude and Latombe Stephen},
    title = {Randomized Kinodynamic Motion Planning with Moving Obstacles},
    year = {2000}
}


@INPROCEEDINGS{Ng01predictinginternet,
    author = {T. S. Eugene Ng and Hui Zhang},
    title = {Predicting Internet Network Distance with Coordinates-Based Approaches},
    booktitle = {In INFOCOM},
    year = {2001},
    pages = {170--179}
}



@MISC{sturtevantburo,
    author = {N. Sturtevant and M. Buro},
    title = {Improving Collaborative Pathfinding Using Map Abstraction},
  booktitle = {AIIDE},
    year = {2006}
}

@inproceedings{DBLP:conf/aaai/FelnerMSS10,
  author    = {A. Felner and
               C. Moldenhauer and
               N. R. Sturtevant and
               J. Schaeffer},
  title     = {Single-Frontier Bidirectional Search},
  booktitle = {AAAI},
  year      = {2010}
}


@inproceedings{Protal2010,
  author    = {M. Goldenberg and
               A. Felner and
               N. R. Sturtevant and
               J. Schaeffer},
  title     = {Portal-Based True-Distance Heuristics for Path Finding},
  booktitle = {Second International Symposium on Combinatorial Search (SoCS},
  year      = {2010}
}

@inproceedings{DBLP:conf/aips/ThayerR08,
  author    = {J. Tyler Thayer and
               W. Ruml},
  title     = {Faster than Weighted A*: An Optimistic Approach to Bounded
               Suboptimal Search},
  booktitle = {ICAPS},
  year      = {2008},
  pages     = {355-362}
}


@inproceedings{DBLP:conf/aips/ThayerR09,
  author    = {J. Tyler Thayer and
               W. Ruml},
  title     = {Using Distance Estimates in Heuristic Search},
  booktitle = {ICAPS},
  year      = {2009}
}

@inproceedings{DBLP:conf/aips/RichterTR10,
  author    = {Silvia Richter and
               Jordan Tyler Thayer and
               Wheeler Ruml},
  title     = {The Joy of Forgetting: Faster Anytime Search via Restarting},
  booktitle = {ICAPS},
  year      = {2010},
  pages     = {137-144}
}



@inproceedings{DBLP:conf/iccad/SrinivasanKMB90,
  author    = {A. Srinivasan and
               T. Kam and
               S. Malik and
               R. K. Brayton},
  title     = {Algorithms for Discrete Function Manipulation},
  booktitle = {ICCAD},
  year      = {1990},
  pages     = {92-95}
}

@inproceedings{DBLP:conf/aaai/LarsenBRH10,
  author    = {B. Larsen and
               E. Burns and
               W. Ruml and
               R. Holte},
  title     = {Searching Without a Heuristic: Efficient Use of Abstraction},
  booktitle = {AAAI},
  year      = {2010}
}


@inproceedings{DBLP:conf/aaai/PochterZRF10,
  author    = {N. Pochter and
               A. Zohar and
               J. S. Rosenschein and
               A. Felner},
  title     = {Search Space Reduction Using Swamp Hierarchies},
  booktitle = {AAAI},
  year      = {2010}
}



@inproceedings{DBLP:conf/sara/AndersonHS07,
  author    = {K. Anderson and
               R. Holte and
               J. Schaeffer},
  title     = {Partial Pattern Databases},
  booktitle = {SARA},
  year      = {2007},
  pages     = {20-34}
}




@inproceedings{GoldbergH05,
  author    = {Andrew V. Goldberg and
               Chris Harrelson},
  title     = {Computing the shortest path: A* search meets graph
               theory},
  booktitle = {SODA},
  year      = {2005},
  pages     = {156-165}
}



@inproceedings{jansen2008directionMaps,
  author    = {M. Jansen and
               N. Sturtevant},
  title     = {Direction Maps for Cooperative Pathfinding},
  booktitle = {AIIDE},
  year      = {2008}
}

@inproceedings{jansen2008aNewApproach,
  author    = {M. Renee Jansen and
               Nathan R. Sturtevant},
  title     = {A new approach to cooperative pathfinding},
  booktitle = {AAMAS (3)},
  year      = {2008},
  pages     = {1401-1404}
}

@inproceedings{silver2005coopeartive,
  author    = {D. Silver},
  title     = {Cooperative Pathfinding},
  booktitle = {AIIDE},
  year      = {2005},
  pages     = {117-122}
}

@inproceedings{silverbook,
author = {David Silver},
title = {Cooperative Pathfinding},
booktitle = {AI Game Programming Wisdom 3},
year = {2006},
}

@inproceedings{WangB08,
  author    = {K. C. Wang and
               A. Botea},
  title     = {Fast and Memory-Efficient Multi-Agent Pathfinding},
  booktitle = {ICAPS},
  year      = {2008},
  pages     = {380-387}
}


@inproceedings{WangB09,
  author    = {Ko-Hsin Cindy Wang and
               Adi Botea},
  title     = {Tractable Multi-Agent Path Planning on Grid Maps},
  booktitle = {IJCAI},
  year      = {2009},
  pages     = {1870-1875}
}



@article{ryan2008exploiting,
   author="M. Ryan",
       title="Exploiting Subgraph Structure in Multi-Robot Path Planning",
       journal="JAIR",
       volume= 31,
       pages="497--542",
       year = 2008
   }

@inproceedings{DBLP:conf/icra/Ryan10,
  author    = {M. Ryan},
  title     = {Constraint-based multi-robot path planning},
  booktitle = {ICRA},
  year      = {2010},
  pages     = {922-928}
}

@inproceedings{DBLP:conf/aips/DomshlakKL10,
  author    = {Carmel Domshlak and
               Michael Katz and
               Sagi Lefler},
  title     = {When Abstractions Met Landmarks},
  booktitle = {ICAPS},
  year      = {2010},
  pages     = {50-56}
}

@inproceedings{DBLP:conf/aips/HelmertD09,
  author    = {Malte Helmert and
               Carmel Domshlak},
  title     = {Landmarks, Critical Paths and Abstractions: What's the Difference
               Anyway?},
  booktitle = {ICAPS},
  year      = {2009}
}

@inproceedings{DBLP:conf/aips/KatzD09,
  author    = {Michael Katz and
               Carmel Domshlak},
  title     = {Structural-Pattern Databases},
  booktitle = {ICAPS},
  year      = {2009}
}


@inproceedings{DBLP:conf/aips/KatzD08,
  author    = {Michael Katz and
               Carmel Domshlak},
  title     = {Structural Patterns Heuristics via Fork Decomposition},
  booktitle = {ICAPS},
  year      = {2008},
  pages     = {182-189}
}


@inproceedings{DBLP:conf/aips/BallH08,
  author    = {Marcel Ball and
               Robert C. Holte},
  title     = {The Compression Power of Symbolic Pattern Databases},
  booktitle = {ICAPS},
  year      = {2008},
  pages     = {2-11}
}

@inproceedings{Korf2009,
  author    = {Richard E. Korf},
  title     = {Multi-Way Number Partitioning},
  booktitle = {IJCAI},
  year      = {2009},
  pages     = {538-543}
  }


@inproceedings{DBLP:conf/ijcai/StandleyK11,
  author    = {Trevor Scott Standley and
               Richard E. Korf},
  title     = {Complete Algorithms for Cooperative Pathfinding Problems},
  booktitle = {IJCAI},
  year      = {2011},
  pages     = {668-673}
}

@inproceedings{standley2010findingOptimal,
  author    = {T. Standley},
  title     = {Finding Optimal Solutions to Cooperative Pathfinding Problems},
  booktitle = {AAAI},
  year      = {2010},
   pages     = {173-178}
}


@article{DBLP:journals/ras/BennewitzBT02,
  author    = {Maren Bennewitz and
               Wolfram Burgard and
               Sebastian Thrun},
  title     = {Finding and optimizing solvable priority schemes for decoupled
               path planning techniques for teams of mobile robots},
  journal   = {Robotics and Autonomous Systems},
  volume    = {41},
  number    = {2-3},
  year      = {2002},
  pages     = {89-99}
}

@article{DBLP:journals/trob/PallottinoSBF07,
  author    = {Lucia Pallottino and
               Vincenzo Giovanni Scordio and
               Antonio Bicchi and
               Emilio Frazzoli},
  title     = {Decentralized Cooperative Policy for Conflict Resolution
               in Multivehicle Systems},
  journal   = {IEEE Transactions on Robotics},
  volume    = {23},
  number    = {6},
  year      = {2007},
  pages     = {1170-1183}
}

@article{DBLP:journals/aim/KitanoT01,
  author    = {Hiroaki Kitano and
               Satoshi Tadokoro},
  title     = {RoboCup Rescue: A Grand Challenge for Multiagent and Intelligent
               Systems},
  journal   = {AI Magazine},
  volume    = {22},
  number    = {1},
  year      = {2001},
  pages     = {39-52},
  bibsource = {DBLP, http://dblp.uni-trier.de}
}


@inproceedings{wang2009tractableMultiagent,
 author = {Wang, K. C. and Botea, A.},
 title = {Tractable multi-agent path planning on grid maps},
 booktitle = {IJCAI'09: Proceedings of the 21st international jont conference on Artifical intelligence},
 year = {2009},
 pages = {1870--1875},
 location = {Pasadena, California, USA},
 address = {San Francisco, CA, USA},
 }

@Article{dresner2008aMultiagent,
	author="K. Dresner and P. Stone",
	title="A Multiagent Approach to Autonomous Intersection Management",
	journal = {JAIR},
	month = {March},
	year = {2008},
	volume = {31},
	pages = {591--656}
}

@BOOK{nilsson98,
  AUTHOR = "Nils Nilsson",
  TITLE = "Artificial Intelligence: A New Synthesis",
  PUBLISHER = "Morgan Kaufmann",
  YEAR = 1998
}

@inproceedings{zhouhansen,
  AUTHOR = "R. Zhou and E. A. Hansen",
  TITLE = "Memory-Bounded {A*} Graph Search",
  booktitle = "Florida Artificial Intelligence Research Society (FLAIRS-02)",
  YEAR = 2002,
  PAGES = "203-209"
}

@inproceedings{SamadiECAI08,
  author    = {M. Samadi and
               M. Siabani and
               A. Felner and
               R.C. Holte},
  title     = {Compressing Pattern Databases using Learning},
  booktitle = {European Conference on Artificial Intelligence (ECAI-08)},
  year      = {2008},
  pages     = {495 - 499},
}

@inproceedings{BallH08,
    author = "M. Ball and R.C. Holte",
    title = "The Compression Power of Symbolic Pattern Databases ",
    booktitle = "International Conference on Automated Planning and Scheduling (ICAPS-08)",
    pages = "2-11",
    year = "2008"
}


@article{Champeaux83,
  author    = {Dennis de Champeaux},
  title     = {Bidirectional Heuristic Search Again},
  journal   = {J. ACM},
  volume    = {30},
  number    = {1},
  year      = {1983},
  pages     = {22-32},
  ee        = {db/journals/jacm/Champeaux83.html, http://doi.acm.org/10.1145/322358.322360},
  bibsource = {DBLP, http://dblp.uni-trier.de}
}


@article{Pohl71,
  author    = {Ira Pohl},
  title     = {B-directional search},
  journal   = {Machine intelligence},
  volume    = {6},
  year      = {1971},
  pages     = {127-140},
}

@book{slocum,
     author="Jerry Slocum and Dic Sonneveld",
     title="The 15 Puzzle",
     publisher="Slocum Puzzle Foundation",
     year=2006}

@article{DBLP:journals/ai/Pohl70,
  author    = {Ira Pohl},
  title     = {Heuristic Search Viewed as Path Finding in a Graph},
  journal   = {Artificial Intelligence},
  volume    = {1},
  number    = {3},
  year      = {1970},
  pages     = {193-204},
  bibsource = {DBLP, http://dblp.uni-trier.de}
}



@article{Pohl77,
  author    = {Ira Pohl},
  title     = {Practical and theoretical considerations in heuristic
search algorithms},
  journal   = {Machine intelligence},
  volume    = {8},
  year      = {1977},
  pages     = {55-72},
}


@article{KBFS03,
        author="A. Felner and S. Kraus and R. E. Korf",
        title="{KBFS}: K-Best First Search",
        journal= "Annals of Mathematics and Artificial Intelligence",
        volume= 39,
    pages= "19--39",
        year=2003}

@article{NEWGPP,
         author="A. Felner",
         title="Solving the Graph-Partitioning Problem with Heuristic Search",
         journal= "Annals of Mathematics and Artificial Intelligence",
         volume= 67,
     pages= "19--39",
         year=2006}



@inproceedings{ICAPS04,
        author="R. C. Holte and  J. Newton and  A. Felner and R. Meshulam and D. Furcy",
        title="Multiple pattern databases",
        booktitle= "International Conference on Automated Planning and Scheduling (ICAPS-04)",
        pages= "122--131",
        year=2004
}

@article{AIJMAXING,
         author="R. C. Holte and A. Felner and  J. Newton and  R. Meshulam and  D. Furcy",
         title="Maximizing over Multiple Pattern Databases Speeds up Heuristic Search",
         journal= "Artificial Intelligence",
         volume= 170,
     pages= "1123--1136",
         year=2006}


@inproceedings{DDD03,
        author="R. E. Korf",
        title="Delayed Duplicate Detection",
        booktitle="International Joint Conference on Artificial Intelligence (IJCAI-03)",
        pages= "1539--1541",
    note="Extended abstract",
        year=2003
}

@techreport{robistvan04,
  AUTHOR = "R. C. Holte and Istvan T. Hern{\'a}dv{\"o}lgyi",
        title="Steps Towards the Automatic Creation of Search Heuristics",
        institution="Computing Science Department, University of Alberta",
        address="Edmonton, Canada T6G 2E8",
        number="TR04-02",
        year=2004}



@techreport{ALBET73,
       author="S. H. Fuller and J. G. Gasching and J. J. Gillogly",
       title="An analysis of the alpha-beta pruning algorithm",
       institution="Department of Computer Science",
       address="Carnegie-Mellon University, Pittsburgh, Pa",
      year=1973}

@article{ABS93,
       author="A. E. Prieditis",
       title="Machine discovery of effective admissible heuristics",
       journal="Machine Learning",
       volume=12,
       pages="117-141",
       year=1993}


@article{PERL83,
       author="R. Karp and J. Pearl",
       title="Searching for an optimal path in a tree with random costs",
       journal="Artificial Intelligence",
       volume="21(1--2)",
       pages="99-116",
       year=1983}


@article{Patrick92,
       author="B. Patrick and M. Amulla and M. Newborn",
       title="An upper bound on the time complexity of iteratively-deepening {A}*",
       journal="International Journal of Artificial Intelligence and Mathematics",
       volume="5",
       pages="265--277",
       year=1992}

@article{DOWDY82,
       author="L. W. Dowdy and D. V. Foster",
       title="Comparative models of the file assignment problem",
       journal="Computing Survey",
       volume="14(2)",
       pages="289-313",
       year=1982}

@book{DEEPBLUE,
     author="Feng-Hsiung Hsu",
     title="Behind Deep Blue: Building the Computer that Defeated the World",
     publisher="Princeton University Press",
     year=2002}


@book{PAPA80,
     author="C. H. Papapdimitriou  and K. Steiglitz",
     title="Combinatorial Optimization: Algorithms and Complexity",
     publisher="Prentice Hall",
     year=1980}


@inproceedings{BreyerKorfSTAIR,
   author="Teresa Breyer and R. E. Korf",
       title="Recent Results in Analyzing the Performance of Heuristic Search",
       booktitle="International Workshop on Search in Artificial Intelligence and Robotics (held in conjunction with AAAI)",
       year= 2008}

@inproceedings{DinhRussellSuAAAI,
   author="Hang T. Dinh and Alexander Russell and Yuan Su",
       title="On the Value of Good Advice: The Complexity of {A}* Search with Accurate Heuristics",
       booktitle="National Conference on Artificial Intelligence (AAAI-07)",
       pages="1140--1145",
       year= 2007}

@inproceedings{SARIT97,
   author="R. Schwartz and S. Kraus",
       title="Negotiation on data allocation in multi-agent environments",
       booktitle="National Conference on Artificial Intelligence (AAAI-97)",
       pages="29--35",
       year= 1997}

@inproceedings{SARA05,
   author="A. Felner and A. Adler",
       title="Solving the 24-Puzzle with Instance Dependent Pattern databases",
       booktitle="SARA-05",
       pages="248--260",
       year= 2005}


@inproceedings{DUP93,
   author="L. Taylor and R. E. Korf",
       title="Pruning duplicate nodes in depth-first search",
       booktitle="National Conference on Artificial Intelligence",
       pages="756--761",
       year= 1993}

@inproceedings{JUN99,
   author="A. Junghanns and J. Schaeffer",
       title="Domain-dependent single-agent search enhancements",
       booktitle="International Joint Conference on Artificial Intelligence (IJCAI-99)",
       pages="570--575",
       year= 1999}


@inproceedings{PROV91,
   author="C. J. H. MacDiarmid and G. M. A. Provan",
       title="An expected cost analysis of backtracking and
         non-backtracking algorithms",
       booktitle="International Joint Conference on Artificial Intelligence (IJCAI-91)",
       pages="173-177 ",
       year= 1991}

@article{DIJ59,
       author="E. W. Dijkstra",
       title="A note on two problems in connexion with graphs",
       journal="{\it Numerische Mathematik}",
       volume="1",
       pages="269-271",
       year=1959}

@article{ASTR85,
       author="R. Dechter and J. Pearl",
       title="Generalized best-first search strategies and the
         optimality of {A}*",
       journal="Journal of the ACM",
       volume="32(3)",
       pages="505-536",
       year=1985}

@article{ASTR68,
       author="P. E. Hart and N. J. Nilsson and B. Raphael",
       title="A formal basis for the heuristic determination of
          minimum cost paths",
       journal="IEEE Transactions on Systems Science and Cybernetics",
       volume="SCC-4(2)",
       pages="100-107",
       year=1968}

@inproceedings{LDS95,
   author="W. D. Harvey and M. L. Ginsberg",
       title="Limited discrepancy search",
       booktitle="International Joint Conference on Artificial Intelligence (IJCAI-95)",
       pages="607--613 ",
       year=1995
}

@inproceedings{OPT24,
   author="R. E. Korf and L. Taylor",
       title="Finding optimal solutions to the twenty-four puzzle",
       booktitle="National Conference on Artificial Intelligence (AAAI-96)",
       pages="1202--1207",
       year=1996
}

@inproceedings{CRESUS95,
   author="P. Shell and J. A. H. Rubio and G. Q. Barro",
       title="Improving search through diversity",
       booktitle="National Conference on Artificial Intelligence (AAAI-94)",
       pages="1323-1328",
       year=1994
}

@inproceedings{DFVBF,
   author="W. Zhang and R. E. Korf",
       title="Depth-first vs. best-first search: New Results",
       booktitle="National Conference on Artificial Intelligence (AAAI-93)",
       pages="769-775",
       year= 1993}

@inproceedings{ILDS96,
   author="R. E. Korf",
       title="Improved limited discrepancy search",
       booktitle="National Conference on Artificial Intelligence (AAAI-96)",
       pages="286-291",
       year= 1996}

@inproceedings{DBLP:conf/aaai/KorfS05,
  author    = {R. E. Korf and
               Peter Schultze},
  title     = {Large-Scale Parallel Breadth-First Search},
       booktitle="National Conference on Artificial Intelligence (AAAI-05)",
  year      = {2005},
  pages     = {1380-1385},
  bibsource = {DBLP, http://dblp.uni-trier.de}
}


@inproceedings{KORFAAAI05,
   author="R. E. Korf and P. Schultze",
       title="Large scale parallel breadth first search",
       booktitle="National Conference on Artificial Intelligence (AAAI-05)",
       pages="1380--1385",
       year= 2005}

@inproceedings{DBLDS97,
   author="Toby Walsh",
       title="Depth-bounded discrepancy search",
       booktitle="International Joint Conference on Artificial Intelligence (IJCAI-97)",
       pages="1388-1393",
       year= 1997}

@article{GEN59,
   author="R. Friedberg and B. Dunham and T. North",
       title="A learning machine",
       journal="IBM Journal of Research and Development",
       volume=3,
       pages="282-287",
       year=1959}


@article{SIM83,
   author="S. Kirkpatrick and C. D. Gelatt and M. Vecshi",
       title="Optimization by simulated annealing",
       journal="Science",
       volume=220,
       pages="671-680",
       year=1993}

@article{PDFS93,
   author="V. N. Rao and V. Kumar",
       title="On the efficiency of parallel backtracking",
       journal="IEEE Transactions on parallel and distributed systems",
       volume= 4,
       pages="427--437",
       year=1993}

@article{BFSMIN96,
   author="R. E. Korf and D. M. Chickering",
       title="Best-first minimax search",
       journal="Artificial intelligence",
       volume= "84(1-2)",
       pages="299-337",
       year=1996}



@article{JAIRPDB,
   author="A. Felner and R. E. Korf and S. Hanan",
       title="Additive pattern database heuristics",
       journal="Journal of Artificial Intelligence Research",
       volume= 22,
       pages="279--318",
       year = 2004
   }


@article{felner2004pha,
   author="A. Felner and R. Stern and A. Ben-Yair and S. Kraus
         and N. Netanyahu",
       title="PH{A}*: Finding the Shortest Path with  {A}* in Unknown Physical Environments",
       journal="Journal of Artificial Intelligence Research",
       volume= 21,
       pages="631-679",
       year=2004
   }

@article{ROBOTS04,
        author="W. Burgard and M. Moors and C. Stachniss and F. Schneider",
        title="Coordinated Multi-Robot Exploration",
        journal="IEEE Transactions on Robotics",
        year=2005}

@inproceedings{CSABA2004,
   author="C. Szepesvri",
       title="Shortest Path Discovery Problems: A Framework, Algorithms and Experimental Results",
       booktitle="National Conference on Artificial Intelligence (AAAI-04)",
       pages="550--555",
       year= 2004}



@ARTICLE{Koen:03,
 AUTHOR = "S. Koenig and Y. Smirnov and C. Tovey",
 TITLE = "Performance Bounds for Planning in Unknown Terrain",
 JOURNAL = "Artificial Intelligence Journal",
 VOLUME = "147",
 NUMBER= "1-2",
 PAGES = "253-279",
 YEAR = "2003"
 }


@article{LPJUR,
   author="A. Felner and Y. Shoshani and Yaniv Altshuler and F. Bruckstein",
       title="Multi-agent Physical {A}* with Large Pheromones",
       journal="Journal of Autonomous Agents and Multi-Agent Systems",
       volume= "12(1)",
       pages="3--34",
       year="2006"
}

@inproceedings{FASTR2001,
   author="R. E. Korf and W. Zhang",
       title="Divide-and-conquer frontier search applied to optimal sequence alignment,",
       booktitle="National Conference on Artificial Intelligence (AAAI-00)",
       pages="910--916",
       year= 2000}

@inproceedings{DBLP:conf/ijcai/StickelT85,
  author    = {Mark E. Stickel and
               Mabry Tyson},
  title     = {An Analysis of Consecutively Bounded Depth-First Search
               with Applications in Automated Deduction},
       booktitle="International Joint Conference on Artificial Intelligence (IJCAI-85)",
  year      = {1985},
  pages     = {1073-1075},
  bibsource = {DBLP, http://dblp.uni-trier.de}
}



@article{reve,
   author="A. van de Liefvoort",
       title="An iterative algorithm for the {R}eve's Puzzle",
       journal="The Computer Journal",
       volume= "35(1)",
       pages = "91--92",
       year=1992
   }

@article{GM83,
   author="D. S. Nau",
       title="Pathology on game trees revisited, and an alternative to
minimaxing",
       journal="Artificial intelligence",
       volume= "21(1--2)",
       pages = "221-144",
       year=1983
   }


@inproceedings{KORAAAI00,
   author="R. E. Korf",
       title="Recent progress in the design and analysis of
         admissible heuristic functions",
       booktitle="National Conference on Artificial Intelligence (AAAI-00)",
       pages="1165-1170",
       year=2000}


@article{KEN2007,
   author="K. Anderson and J. Schaeffer and R. C. Holte",
       title="Partial Pattern Databases",
       journal="SARA-07",
       pages="128--129",
         year=2007}

@article{ALBE75,
   author="D. E. Knuth and R. E. Moore ",
       title="An analysis of alpha-beta pruning",
       journal="Artificial Intelligence",
       volume= 6,
       pages="293-326",
       year=1975}

@article{PRA95,
   author="M. Evett and J. Hendler and A. Mahanti and D.S. Nau",
       title="{PRA}*: Massively Parallel Heuristic Search",
       journal="Journal of Parallel and Distributed Computing",
       volume= "25(2)",
       pages="92-103",
       year=1995}

@article{PIDA91,
   author="C. Powley and R. E. Korf",
       title="Single-agent parallel window search",
       journal="IEEE Transactions on Pattern Analysis and Machine
Intelligence",
       volume=13,
       number=5,
   pages="466-477",
       year=1991}

@article{IDPS91,
      author="A. Mahanti and C. J. Daniels",
      title="A SIMD approach to parallel heuristic search",
      journal="Artificial Intelligence",
      volume="60(2)",
      pages="243-282",
      year=1993}

@inproceedings{ILDFS97,
   author="Pedro Meseguer",
       title="Interleaved Depth-First Search ",
       booktitle="International Joint Conference on Artificial Intelligence (IJCAI-97)",
       pages="1382--1387 ",
       year=1997}

@article{HANS92,
   author="O. Hansson and A. Mayer and M. Yung",
       title="Criticizing solutions to relaxed models yields
         powerful admissible heuristics",
       journal="Information Sciences",
   volume="63(3)",
       pages="207-227",
       year=1992}


@article{BFID85,
  author    = {R. E. Korf},
  title     = {Depth-First Iterative-Deepening: An Optimal Admissible Tree
               Search},
  journal   = {Artificial Intelligence},
  volume    = {27},
  number    = {1},
  year      = {1985},
  pages     = {97-109},
  bibsource = {DBLP, http://dblp.uni-trier.de}
}


@inproceedings{KOR94,
   author="R. E. Korf and W. Zhang",
       title=" Incremental random search trees",
       booktitle="AAAI-94 Workshop on Experimental Evaluation of Reasoning and Search Methods ",
       pages="15-18",
       year= 1994
}

@inproceedings{KOR97,
   author="R. E. Korf",
       title="Finding optimal solutions to {R}ubik's Cube using pattern databases",
       booktitle="National Conference on Artificial Intelligence (AAAI-97)",
       pages="700--705",
       year= 1997
}

@inproceedings{KOR294,
   author="R. E. Korf and J. Pemberton",
       title= "Incremental search algorithms for real-time decision
making",
       booktitle="International Conference on Planning",
       pages="140-145",
       year= 1994
}

@inproceedings{PUZ1566,
   author="J. E. Doran and D. Michie",
       title= "Experiments with the graph traverser program",
       booktitle="Proceedings of the Royal Society A",
       pages="235-259",
       volume=294,
       year= 1966}

@article{PUZ15A89,
   author="H. W. Davis and A. Bramanti-Gregor and J. Wang",
       title="The advantages of using depth and breadth components in
heuristic
search ",
       journal="Methodologies for Intelligent systems 3",
       editor= "Z.W. Ras and L. Saitta",
       pages="19-28",
       year=1989
}

@inproceedings{NPC86,
  author    = {D.  Ratner and M. Warrnuth},
  title     = {Finding a Shortest Solution for the {N $\times$ N} Extension
               of the 15-PUZZLE Is Intractable},
       booktitle="AAAI-86",
  year      = {1986},
  pages     = {168-172}
}

@inproceedings{DBLP:conf/aaai/SternKFH10,
  author    = {Roni Stern and
               Tamar Kulberis and
               Ariel Felner and
               Robert Holte},
  title     = {Using Lookaheads with Optimal Best-First Search},
  booktitle = {AAAI},
  year      = {2010}
}



@inproceedings{MREC89,
   author="A. Sen and A. Bagchi",
       title="Fast recursive formulations for best-first search that
         allow controlled use of memory",
       booktitle="International Joint Conference on Artificial Intelligence (IJCAI-89)",
       pages="297-302",
       year= 1989
}

@mastersthesis{Bir93,
       author="L. Biran",
       title="The Parallel State Execution Model",
       school="Department of Mathematics, Bar-Ilan university",
       address="Israel",
       year=1993}

@article{RBFS93,
   author="R. E. Korf",
       title=" Linear-space best-first search",
       journal="Artificial Intelligence",
       volume="62(1)",
       pages="41--78",
       year= 1993}



@article{KOR95,
   author="W. Zhang and R. E. Korf",
       title="Performance of linear-space search algorithms",
       journal="Artificial Intelligence  ",
       volume=79,
       pages="241-292 ",
       year= 1995}

@article{BSTR79,
   author="H. J. Berliner",
       title="The B* tree search algorithm: A best-first proof procedure",
       journal=" Artificial Intelligence",
       volume=12,
       pages="23-40",
       year=1979}


@book{garey+johnson,
   author="Garey, M.R. and D.S. Johnson",
       title="Computers and
Intractability: A Guide to the Theory of NP-Completeness",
       publisher="W.H. Freeman",
       address="New York",
   year=1979}

@book{papadimitriou,
   author="C. H. Papadimitriou and K. Steiglitz",
       title="Combinatorial Optimization: Algorithms and Complexity",
       publisher="Prentice-Hall",
       address="Englewood Cliffs, N.J.",
   year=1982}

@book{SCOUTSTR84,
   author="J. Pearl",
       title="Heuristics",
       publisher="Addison-Wesley",
       address="Reading Mass",
   year=1984}

@article {hansson,
author = "O. Hansson and A. Mayer and M. Yung",
title = "Criticizing solutions to
relaxed models yields powerful admissible heuristics",
journal = "Information Sciences",
volume = "63",
number = "3",
year = "1992",
pages = "207-227"}

@article {analysis,
author = "R. E. Korf and M. Reid and S. Edelkamp",
title = "Time complexity of
Iterative-Deepening-{A}*",
journal = "Artificial Intelligence",
volume = "129",
number = "1--2",
year = "2001",
pages = "199--218"}

@inproceedings{ijcai99,
       author="R. E. Korf",
       title="Divide-and-conquer bidirectional search: First results",
       booktitle="International Joint Conference on Artificial Intelligence (IJCAI-99)",
       pages="1184--1189",
       year= "1999"
}

@article{SSSTR79,
   author="G. Stockman",
       title="A minimax algorithm better than alpha-beta?",
       journal="Artificial Intelligence",
       volume=12,
       pages="179-196",
       year=1979}

@article{TABU89,
   author="F. Glover",
       title="Tabu search",
       journal="ORSA Journal of computing 1(3)",
       pages="190-206",
       year=1989}

@article{IE92,
   author="S. J. Russell",
       title="Efficient memory-bounded search methods",
       journal="Proc of ECAI-92",
       year= 1992
}

@article{KAINDL97,
    author="H. Kaindl and G. Kainz",
        title="Bidirectional heuristic search reconsidered",
        journal="Journal of Artificial Intelligence Research",
        volume=7,
        pages="283--317",
        year= 1997}

@article{KAINDL97short,
    author="H. Kaindl and G. Kainz",
        title="Bidirectional heuristic search reconsidered",
        journal="Journal of Artificial Intelligence Research",
        volume=7,
        pages="283--317",
        year= 1997}

@inproceedings{SMASTR94,
   author="H. Kaindl and A. Khorsand",
       title="Memory-bounded bidirectional search",
       booktitle="National Conference on Artificial Intelligence (AAAI-94)",
       pages="1359-1364",
       year= 1994}

@article{MASTR89,
   author="P. P. Chakrabarti and S. Ghose and A. Acharya and
         S. C. de Sarkar",
       title=" Heuristic search in restricted memory",
       journal="Artificial Intelligence",
       volume="41(2)",
       pages="197-221",
       year= 1989}


@article{HuynDechterPearlAIJ,
  author    = {Nam Huyn and
               Rina Dechter and
               Judea Pearl},
  title     = {Probabilistic Analysis of the Complexity of {A}*},
  journal   = {Artificial Intelligence},
  volume    = {15},
  number    = {3},
  year      = {1980},
  pages     = {241-254},
  bibsource = {DBLP, http://dblp.uni-trier.de}
}



@article{SenBagchiZhangAIJ,
   author="Anup K. Sen and A. Bagchi and Weixiong Zhang",
       title="Average-case analysis of best-first search in two representative directed acyclic graphs",
       journal="Artificial Intelligence",
       volume="155(1-2)",
       pages="183-206",
       year= 2004}



@article{MYMSCTHESIS,
       author="A. Felner",
       title="Searching for alternative plan, {MSc} thesis",
       journal="Department of Computer Science, Hebrew University, Jerusalem,
                        Israel,available at http://www.cs.biu.ac.il/\~felner",
       year=1995}

@inproceedings{Stephen91,
  author    = {Stephen V. Chenoweth and
               Henry W. Davis},
  title     = {High-Performance {A}* Search Using Rapidly Growing Heuristics},
       booktitle="International Joint Conference on Artificial Intelligence (IJCAI-91)",
  year      = {1991},
  pages     = {198-203},
  bibsource = {DBLP, http://dblp.uni-trier.de}
}


@phdthesis{Gaschnig79,
       author="J. Gaschnig",
       title="Gaschnig, J. Performance Measurement and Analysis of Certain Search Algorithms. Ph.D. Dissertation",
       school="Carnegie-Mellon University",
       address="",
       year=1979}

@phdthesis{FELNER02,
       author="A. Felner",
       title="Improving search techniques and using them on different
         environments, {Ph.D} thesis",
       school="Department of Computer Science, Bar-Ilan University",
       address="Ramat-Gan, Israel, available at http://www.ise.bgu.ac.il/facutly/felner",
       year=2002}

@phdthesis{WASTR79,
       author="J.  Gasching",
       title="Performance measurement and analysis of certain search algorithms",
       school="Department of Computer Science, Carnegie-Mellon University",
       address="Pittsburgh Pa",
       year=1979}

@article{WASTR89,
   author="H. W. Davis and A. Bramanti-Gregor and J. Wang",
       title="The advantages of using depth and breadth components
         in heuristic search ",
       journal="Methodologies for Intelligent systems 3",
       editor= "Z.W. Ras and L. Saitta",
       pages="19-28",
       year=1989,
       address="North-Holland, Amsterdam"}

@techreport{Den73,
       author="J. B. Dennis",
       title="First Version of a Data-flow Procedure Language",
       institution="MIT lab. for Computer Science",
       address="Cambridge, MA 02139",
       journal="MAC Technical Memorandum",
       number=61,
       month="August",
       year=1973}


@article{WASTR70,
       author="Ira Pohl",
       title= "Heuristic search viewed as path finding in a graph",
       journal="Artificial Intelligence",
       volume=1,
       pages="193-204",
       year= 1970}

@inproceedings{WASTR73,
       author="Ira Pohl",
       title="The avoidance of (relative) catastrophe, heuristic
         competence, genuine dynamic
                weighting and computational issues in heuristic
         problem solving",
       booktitle="International Joint Conference on Artificial Intelligence (IJCAI-73)",
       pages="12-17",
       year= 1973
}

@inproceedings{SCHOP87,
       author="M. J. Schopers",
       title="Universal plans for reactive robots in unpredictable environments.",
       booktitle="International Joint Conference on Artificial Intelligence (IJCAI-87)",
       pages="1039-1046",
       year= 1987
}

@inproceedings{PENGI87,
       author="P. E. Agre and D. Chapman",
       title="Pengi: an implementation of a theory of activity",
       booktitle="International Joint Conference on Artificial Intelligence (IJCAI-87)",
       pages="268--272",
       year= 1987
}

@article{PLANEX72,
       author="R. E. Fikes, P. E. Hart and N. J. Nilsson",
       title= " Learning and executing generalized robot plans.",
       journal= "Artificial Intelligence",
       volume="3(4)",
       pages="189-208",
       year= 1972}

@article{NASL78,
       author="D. McDermott",
       title= "Planning and acting",
       journal= "Cognitive Science",
       volume="2(2)",
       pages="72-109",
       year= 1978}

@article{PAT96,
       author="J. C. Cullberson and J. Schaeffer",
       title= "Pattern databases",
       journal= "Computational Intelligence",
   volume="14(3)",
      pages="318-334",
      year= 1998}

@inproceedings{IPEM88,
       author="J. Ambros-Ingerson and S. Steel",
       title="Integrating planning, execution and monitoring.",
       booktitle="National Conference on Artificial Intelligence (AAAI-88)",
       pages="735--740",
       year= 1988
}

@article{GINSB89,
       author="M. L. Ginsberg",
       title= "Universal Planning: an (almost) universally bad idea",
       journal="AI Magazine",
       volume="10(4)",
       pages="40-44",
       year= 1987}

@article{STRIPS71,
       author="R. E. Fikes and N. J. Nilsson",
       title= "STRIPS: a new approach to the application of theorem proving to problem solving",
       journal="Artificial Intelligence",
       volume="2(3-4)",
       pages="189-208",
       year= 1971}

@inproceedings {ETZ92,
       author="O. and S. Hanks and D. Weld and D. Draper and N. Leash and M.
Williamson",
       title= "An approach to planning with incomplete information",
       booktitle= "International Conference on Principles of Knowledge Representation and Reasoning",
       year= 1993}


@article{EITAN93,
       author="Eithan Ephrati and Jeffrey S. Rosenschein",
       title= "Planning to Please: Following Another Agent's Intended Plan",
       journal="Group Decision and Negotiation",
       volume=2,
       number=3,
       pages="219--235",
       year= 1993}



@article{REPL191,
       author="Martha Pollack",
       title= "Overloading Intention for Efficient Practical Reasoning",
       journal="Nous",
       volume="25",
       number="4",
       pages="513-536",
       year= 1991}


@article{REPL392,
       author="Subbarao Kambhampati",
       title= "A validation structured base theory of plan modification and reuse",
       journal="Artificial Intelligence",
       volume="55(2-3)",
       pages="1-64",
       year= 1992}

@article{REPL295,
       author="Bernhard Nebel and Jana Koehler",
       title= "Plan Reuse versus Plan Generation",
       journal=" Artificial Intelligence",
       volume=84,
       year= 1995}

@article{PS95,
       author="J. F. Dillenburg and P. C. Nelson",
       title= "Perimeter Search",
       journal="Artificial Intelligence",
       volume=65,
       pages="165-178",
       year= 1994}

@article{BIDA96,
       author="G. Manzini",
       title= "{BIDA}*: an improved perimeter search algorithm",
       journal= "Artificial Intelligence",
       volume=75,
       pages="347-360",
       year= 1995}

@article{ARG99,
      author="S. Argamon-Engelson and  S. Kraus and S. Sina",
      title= "Interleaved vs. A Priori Exploration for Repeated
         Navigation in a Partially-Known Graph",
     journal= "International Journal of Pattern Recognition and
          Artificial Intelligence",
     volume="13(7)",
     pages="963--968",
     year="1999"}

@article{ARG98,
      author="S. Argamon-Engelson and S. Kraus and S. Sina",
      title= "Utility-Based On-Line Exploration for Repeated Navigation
              in an Embedded Graph",
     journal="Artificial Intelligence",
     volume="101(1-2)",
     pages="967--984",
     year="1998"}


@article{PARTY,
      author="R. Preis and R. Diekmann",
      title= "{PARTY} - a software library for graph partitioning",
     journal="Technical Report",
     address="University of Paderborn",
     year="1997"}

@article{SCOTCH,
      author="F. Pellgrini and J. Roman",
      title= "{SCOTCH}: a software package for static mapping by dual
         recursive bipartitioning of process and architecture
         graphs",

     journal="HPCN-Europe, Springer LNCS 1067",
     pages="493--498",
     year="1996"}

@article{METIS,
      author="G. Karypis and V. Kumar",
      title= "A fast and high quality multilevel scheme for
         partitioning irregular graphs",
     journal="Technical Report",
     volume="95-035",
     address="Dept. Computer Science, Univ. Minnesota, Minneapolis, MN",
     year="1995"}


@article{CHACO,
      author="B. Hendrickson and R. Leland",
      title= "The chaco user's guide",
     journal="Technical Report",
     volume="SAND94-2692",
     address="Sandia National Laboratories",
     year="1994"}

@article{JOSTLE,
      author="C. Walshaw",
      title= "Parallel {JOSTLE} userguide",
     journal="Technical Report",
     address="University of Greenwich, London ,UK",
     year="1998"}


@article{KL70,
      author="B. Kernigham and S. Lin",
      title= "An Efficient Heiristic Procedure for Partitioning graphs.",
     journal="Bell Systems Technical J.",
     volume=49,
     pages="291-307",
     year="1970"}

@article{GPPSA89,
      author="D. S. Johnson and C. R. Aragon and L. A. McGeoch and C. Schevon",
      title= "Optimization by Simulated Allealing: An Experimental
         Evaluation; Part 1, Graph Partitioning.",
     journal="Operations Research",
     volume=37,
     pages="121-133",
     year="1989"}

@article{KK99,
      author="K. Schloegel and G. Karypis and V. Kumar",
      title= "Graph Partitioning for High Performance Scientific
Simulations.",
     journal="CRPC Parallel Computing Handbook",
     publisher="Morgan Kaufmann",
     year="2000",
}
@article{GPPNPHARD,
      author="M. Garey and D. Johnson and L. Stockmeyer",
      title= "Some simplefied NP-complete graph problems",
     journal="Theort. Comput. Sci.",
     volume="1",
     pages="237-267",
     year="1976"}

@article{SOKOBAN,
      author="A. Junghanns and J. Schaeffer",
      title= "Sokoban: Enhancing general single-agent search methods using
domain knowledge.",
     journal="Artificial Intelligence",
     volume="129",
     pages="219--251",
     year="2001"}

@article{GPPGA96,
      author="T. N. Bui and B. R. Moon",
      title= "Genetic algorithm and Graph Partitioning.",
     journal="IEEE Transactions On Computers",
     volume="45(7)",
     pages="87-101",
     year="1996"}

@article{GPPLA96,
      author="J. B. Oommen and E. V. de St. Croix",
      title= "Graph Partitioning using learning Automata.",
     journal="IEEE Transactions On Computers",
     volume="45(2)",
     pages="195-208",
     year="1995"}

@article{GPPXLS91,
      author="H. Pirkul and E Rolland",
      title= "New Heuristic Solution Procedures for the Uniform Graph
         Partitioning Problem",
     journal="Computers and Operations research",
     year="1991"}

@article{LGG99,
      author="E. Rolland  and H. Pirkul",
      title= "A Lagrangian Based Heuristic for Uniform Graph Partitioning",
     journal="Computers and Operations research",
     pages="87-99",
     year="1999"}

@book{NPC79,
      author="M. R. Garey and D. S. Johnson",
      title= "Computers and Intractability: A Guide to the Theory of {NP}-Completeness",
      publisher = "W. H. Freeman",
      address = "San Francisco, CA",
     year="1979"}

@article{VCAPP97,
      author="P. Crecenzi and V. Kann",
      title= "A compendium of {NP} optimization problems",
     journal="Available at http://www.nada.kth.se/theory/problemlist.html",
     year="1997"}

@article{BUSS93,
      author="J. F. Buss and J. Goldsmith",
      title= "Nondetermenisim within {P}",
     journal="SIAM J, Comput.",
     volume=22,
     pages="560-572",
     year="1993"}

@article{DOW95,
      author="R. G. Downey and M. R. Fellows",
      title= "Parameterized Computational feasibility",
     journal="P. Clote, J. Remmel (Eds.), Feasible Mathematics",
     volume=2,
     pages="219-244",
     year="1995",
     address="Birkhauser, Boston Ma."}


@article{PAP96,
      author="C. H. Papadimitriou and M. Yannakakis",
      title= "On limited nondeterminism and the complexity of the {V-C}
         dimention",
     journal="J. Comput. System Sci",
     volume=53,
     pages="161-170",
     year="1996",}

@article{BAL98,
      author="R. Balasubramanian and M. R. Fellows and V. Raman",
      title= "An improved fixed-parameter algorithm for vertex cover",
     journal="Information Processing Letters",
     volume="65(3)",
     pages="163-168",
     year="1998"}

@article{DOW99,
      author="R. G. Downey and M. R. Fellows and U. Stege",
      title= "Parameterized Complexity: A framework for systematically
         conforting computational intractability",
     journal="DIMACS Series in Discrete Mathematics and Theoretical
         Computer Science",
     volume=49,
     year="1999"}

@techreport{QHULL,
     author="C. B. Barber and D. P. Dobkin and H. Huhdanpaa",
     title= "The {Q}uickhull algorithm for convex hull",
     institution= "Geometry Center Technical Report GCG53",
     address= "University of Minnesota",
     year="1993"}


@book{DEL92,
      author="A. Okabe and B. Boots and K. Sugihara",
      title= "Spatial Tessellations, Concepts, and Applications of
         {V}oronoi Diagrams",
     publisher="Wiley, Chichester",
     address="UK",
     year="1992"}


@Article{CLIQUES,
 author="Johnson and Trick Eds",
  title="Cliques, Coloring and Satisfiability",
 journal="DIMACS series in Discrete Math. and Theoretical CS",
 volume =  "26",
 year =  "1999",
}

@Article{NIED99,
 author="R. Niedermeier and P. Rossmanith",
 title="Upper Bounds for Vertex Cover Further Improved",
 journal="Lecture Notes in Computer Science",
 volume =  "1563",
 pages =  "561--570",
 year =  "1999",
}
@Article{Cheetham03,
 author="J. Cheetham and  F. Dehne and  A. Rau-Chaplin and U. Stege
         and  P. J. Taillon",
 title="Solving Large FPT Problems On Coarse Grained Parallel Machines",
 journal="Journal of Computer and System Sciences",
 year =  "To appear",
}

@Article{JUNGER98,
 author="M. Jnger and S. Thienel",
 title="Introduction to ABACUS - A Branch-and-CUt System",
 journal="Operations Research Letters, 22(263)",
 pages =  "83--95",
 year =  "1998",
}

@Article{CAPRARA97,
 author="A. Caprara and M. Fischetti",
 title="Branch and ut algorithms",
 journal="M. Dell'Amico et al. (eds.) Annotated bibliographies in
         combinatorial optimization, Wiley",
 pages =  "45--64",
 year =  "1997",
}

@Article{CHEN2001,
 author="J. Chen and I. Kanj and W. Jia",
 title="Vertex cover: further observations and further improvements",
 journal="Journal of Algorithms",
 volume =  41,
 pages =  "280--301",
 year =  "2001",
}

@Article{CHEN99,
 author="J. Chen and I. Kanj and W. Jia",
 title="Vertex cover: further observations and further improvements",
 journal="Lecture Notes in Computer Science",
 volume =  1665,
 pages =  "313--324",
 year =  "1999",
}

@Article{CKK97,
 author =       "R. E. Korf",
 title =        "A complete anytime algorithm for number partitioning,",
 journal =      "Aritificial Intelligence",
 volume=        "106(2)",
 pages=         "181-203",
 year =         "1998",
}

@Article{KK82,
 author =       "N. Karmarkar and R. M. Karp",
 title =        "The differencing method of set partitioning.",
 journal =      "Technical Report, UCB/CSD 82/113",
 address=       "Computer Sceince Division, University of California,
        Berkeley, Ca",
  year =        "1982",
}

@ARTICLE{BELLMAN,
 author =       "R. Bellman",
 title =        "On a routing problem",
 journal =      "Quarterly of Applied Mathematics",
 year =         "1958",
 volume =       "16",
 number =       "1",
 pages =        "87-90",
}

@inproceedings{bender98power,
   author = "M. A. Bender and A. Fernandez and D. Ron and A. Sahai
            and S. P. Vadhan",
   title = "The Power of a Pebble: {E}xploring and Mapping Directed Graphs",
   booktitle = "{ACM} Symposium on the Theory of Computing",
   pages = "269--278",
   month = "May",
   year = "1998",
   address = "Dallas, Texas",
   url = "citeseer.nj.nec.com/bender98power.html"
}

@ARTICLE{CUCKA,
 author =       "P. Cucka and N. S. Netanyahu and A. Rosenfeld",
 title =        "Learning in Navigation: {G}oal finding in graphs",
 journal =      "International Journal of Pattern Recognition and
         Artificial Intelligence",
 volume =       "10(5)",
 pages =        "429--446",
 year =         "1996"
}

@article{RTA*,
   author = "R. E. Korf",
   title = "Real-Time Heuristic Search",
   journal = "Artificial Intelligence",
   volume = "42(3)",
   pages = "189--211",
   year = "1990"
}

@inproceedings{KNIGHT,
   author = "K. Knight",
   title = "Are many reactive agents better than a few deliberative ones?",
   booktitle = "International Joint Conference on Artificial Intelligence (IJCAI-93)",
   pages = "432--437",
   year = "1993"
}

@inproceedings{ROADMAP-A*,
 author =       "L. Shmoulian and E. Rimon",
 title =        "Roadmap-{A}*: {A}n Algorithm for Minimizing Travel
         Effort in Sensor Based Mobile Robot Navigation",
 booktitle =    "IEEE International Conference on Robotics and Automation",
 pages =        "356--362",
 year =         "1998"
}

@article{A*e,
   author = "J. Pearl and J. H. Kim",
   title = "Studies in semi-admissible heuristics",
   journal = "IEEE Transactions on Pattern Analysis and Machine
             Intelligence",
   volume =  "4",
   pages = "392-400",
   month = "July",
   year = "1982"
}

@book{RONYTHESIS,
       author="R. Stern",
       title="Optimal Path Search in Unknown Physical Enviroments",
       publisher = "M.Sc. Thesis, Department of Computer Science,
                   Bar-Ilan University, Israel; available on
                   http://www.cs.biu.ac.il/$\sim$felner",
       year= "2001"
}


@ARTICLE{REPULSION-ATTRACTION,
 author =       "Y. Kitamura and K. Teranishi and S. Tatsumi",
 title =        "Organizational strategies for multi-agent real-time search",
 journal =      "International Conference on Multi-Agent Systems",
 pages =        "409--416",
 year =         "1996",
}

@inproceedings{DSTAR94,
   author = "A. Stentz",
   title =  "Optimal and Efficient Path Planning for
             Partially-Known  Environments",
   booktitle = "IEEE International Conference on Robotics and Automation",
   pages=   "3310-3317",
   year =   "1994"
}

@inproceedings{DSTAR94S,
   author = "A. Stentz",
   title =  "Optimal and Efficient Path Planning for
             Partially-Known  Environments",
   booktitle = "Proc of ICRA",
   pages=   "3310-3317",
   year =   "1994",
}


@phdthesis{MARZ,
       author="A. Marzetta",
       title="ZRAM: a library of parallel search algorithms and its use
       in enumeration and combinatorial optimization",
       school="Swiss Federal Institute of Technology, Zurich, Switzerland",
       year=1998}

@phdthesis{GASSER,
       author="R. Gasser",
       title="Harnessing computational resources for efficient
         exhastive search",
       school="Swiss Federal Institute of Technology, Zurich, Switzerland",
       year=1995}


@article{Gh51,
   author="B.~Ghosh",
       title="Random distances within a rectangle and between two rectangles",
       journal="Bulletin of the Culcutta Mathematical Society",
       volume="43",
       pages="17--24",
       year= 1951
}

@article{PLANREUSE95,
   author = "B. Nebel and J. Koehler",
   title = "Plan reuse versus plan generation",
   journal = "Artificial Intelligence",
   volume =  "76",
   pages = "427--454",
   year = "1995"
}




@inproceedings{PHA2002,
   author="A. Felner and R. Stern and S. Kraus",
       title="{PHA}*: {P}erforming {A}* in Unknown Physical Environments",
       booktitle="International Joint Conference on Autonomous Agents and Multi-Agent Systems",
       pages="240--247",
       year= 2002
}

@inproceedings{altplanaamas03,
   author="A. Felner and A. Pomeransky and J. Rosenchein",
       title="Searching for an Alternative Plan",
       booktitle="International Joint Conference on Autonomous Agents and Multi-Agent Systems",
       pages="33--40",
       year= 2003
}

@inproceedings{DSTARLITE02,
   author="S. Koenig and M. Likhachev",
       title="D* Lite",
       booktitle="National Conference on Artificial Intelligence (AAAI-02)",
       pages="476--483",
       year= 2002
}


@incollection{LPA*,
   author="S. Koenig and M. Likhachev",
       title="Incremental {A}*",
       booktitle="Advances in Neural Information Processing Systems 14
                 (NIPS)",
       publisher="MIT Press, Cambridge, MA",
       year= 2002
}


@article{ANTS2000,
   author="A. Wagner and A. M. Bruckstein",
       title="A{NTS}: Agents, Networks, Trees, and Subgraphs",
       journal="Future Generation Computer Systems Journal",
       volume= "16(8)",
       pages= "915-926",
       year= 2000
}


@article{VANTS2001,
   author="V. Yanovski and I. A. Wagner and A. M. Bruckstein",
       title="Vertex-Ant-Walk: {A} robust method for efficient
       exploration of faulty graphs",
       journal="Annals of Mathematics and Artificial Intelligence",
       volume = "31(1-4)",
       pages= "99-112",
       year= 2001
}

@inproceedings{ZITA,
       author="K. Zita and M. Veloso",
       title="Route planning by Analogy",
       booktitle="International Conference on Case-Based Reasoning",
       year=1995}


@inproceedings{LIU96,
   author="B. Liu",
       title="Intelligent Route Finding: Combining Knowledge, Cases and An Efficient Search Algorithm",
       booktitle="ECAI-96",
       pages="380--384",
       year= 1996}


@inproceedings{li99distributed,
   author="W. Li and M. Zhang",
       title="Distributed Task Plan: A Model for Designing Autonomous
         Mobile Agents",
       booktitle="International Conference on Artificial Intelligence",
       pages="336--342",
       year= 1999}


@article{jensen99obddbased,
   author = "R. M. Jensen and M. M. Veloso",
   title = "{OBDD}-Based Universal Planning: Specifying and Solving
Planning Problems for Synchronized Agents in Non-deterministic Domains",
   journal = "Artificial Intelligence Today, Recent Trends and Developments",
   publisher= "M.J. Wooldrige and M. Veloso (Eds.), Springer-Verlag",
   pages="212--248",
   year = "1999"}

@article{Bagchi88,
   author = "A. Bagchi and A. Sen",
   title = "Average-case analysis of heuristic search in tree-like networks",
   journal = "Search in Artificial Intelligence",
   publisher= "L. Kanal and V. Kumar, New York: Springer-Verlag",
   pages="131--165",
   year = "1988"}

@article{PUZ99,
   author="R. E. Korf",
       title="Sliding-tile puzzles and {R}ubik's {C}ube in {AI} research",
       journal="IEEE Intelligent Systems",
       volume="14",
       pages= "8--12",
       month="November",
       year= 1999
}


@article{Kaelbling:96,
author="L. P. Kaelbling and A. W. Moore",
year="1996",
title="Reinforcement Learning: A Survey",
journal="Journal of Artificial Intelligence Research",
volume="4",
pages="237--285"}


@book{CLR01,
      author="T. H. Cormen and C. E. Leiserson and R. L. Rivest and
             C. Stein",
      title= "Introduction to Algorithms",
      publisher= "MIT Press",
      address = "Cambridge, Massachusetts",
      note = "2nd edition",
      year= "2001"}

         # BIBTEX FILE
#
# To add a new entry follow the pattern
# The smallest syntax error screws up everything!
# When you add a new entry also add a line right here, how to refer to it
#
# When multiple authors, <Lastname1>,<FI1>. <SI1>. and <Lastname2>, <FI2> ....
# The style file automatically does the "et al" business and abbreviations
# If a letter MUST be capitalized in the title, enclose it in {}
# like:  "Hierarchical {A}*"
#

# pancake:       original paper defining the pancake puzzle
# felner:        Korf and Felner's AIJ paper on disjoint PDB's
# korfmacro:     Korf's 1985 Macro operators paper
# astar:         original A* paper, 1968
# edelkamp98     branching factor
# edelkamp01     Planning with Pattern Databases
# istvan01:      optimal macro-operators for Rubik's Cube
# pearl:         Heuristics: Intelligent Search...
# prieditis:     Machine Discovery of Effective
# korf2001:      Korf & Reid & Edelkamp, AI journal
# korf98:        Korf & Reid, analysis based on cumulative probability
# korf97:        Rubik's Cube, AAAI
# pdb94:   15-Puzzle, Tech Report
# pdb96:   Pattern DB, Can. Soc for AI
# pdb98:   Pattern DB, Computational Intelligence
# valtorta84:    A* and embeddings, Info. Sci.
# korf85:        Iterative Deepening, AI 85
# STRIPS:        Fikes & Nilsson's original paper, 1971
# holte96:       Hierarchical A*, AAAI 96
# istvan99:      technical report about the vector representation
# kaindl95:      surveys ways of using memory to speed up IDA*
# evett95:       PRA* - uses memory cleverly in parallel A*
# russell92:     memory-bounded search
# dillenburg94:  perimeter search
# robistvan:     our AAAI-99 paper
# blocks:        blocks world tech report
# -----
# AItheory:      Banerji: AI A Theoretical Approach
# kibler:        D. K.: Natural Generation of Admissible Heuristics
# holteJ96:      Holte et al.: Speeding Up Problem-Solving by Abstraction
# pried95:       Prieditis et al:abstractness of admissible heuristics
# guida79:       Computing Heuristics
# gasching79:    Devising Heuristics
# mostow89:      Discovering Admissible Heuristics by Abs and Opt
# -----
# butler91:      Fundamental algorithms for permutation groups
# dixon96:       Permutation Groups
# -----
# refinement:    Refinement

@BOOK{dixon96,
 AUTHOR = "Dixon, J. D. and Mortimer, B.",
 TITLE = "Permutation Groups",
 PUBLISHER = "Springer-Verlag",
 YEAR = 1996,
 SERIES = "Graduate Texts in Mathematics"
}

@BOOK{butler91,
 AUTHOR = "Butler, G.",
 TITLE = "Fundamental Algorithms for Permutation Groups",
 PUBLISHER = "Springer-Verlag",
 YEAR = 1991,
 SERIES = "Lecture Notes in Computer Science"
}





@BOOK{AItheory,
 AUTHOR = "Banerji, R. B.",
 TITLE = "Artificial Intelligence: A Theoretical Approach",
 PUBLISHER = "North Holland",
 YEAR = 1980
}


@TECHREPORT{kibler,
 AUTHOR = "Kibler, D.",
 TITLE = "Natural Generation of Admissible Heuristics",
 INSTITUTION = "University of California at Irvine",
 YEAR = 1982,
 MONTH = "July",
 NUMBER = "TR-188"
}

@ARTICLE{holteJ96,
 AUTHOR = "Holte, R. C. and Mkadmi, T. and Zimmer, R. M. and MacDonald, A. J.",
 TITLE = "Speeding Up Problem-Solving by Abstraction: A Graph-Oriented Approach",
 JOURNAL = "Artificial Intelligence",
 VOLUME = 85,
 PAGES = "321-361",
 YEAR = 1996
}

@ARTICLE{pried95,
 AUTHOR = "Prieditis, A. and Davis, R.",
 TITLE = "Quantitatively relating abstractness to the accuracy of admissible heuristics",
 JOURNAL = "Artificial Intelligence",
 VOLUME =  74,
 PAGES = "165-175",
 YEAR = 1995
}

@ARTICLE{guida79,
 AUTHOR = "Guida, G. and Somalvico, M.",
 TITLE = "A Method for computing Heuristics in problem solving",
 JOURNAL = "Information Sciences",
 VOLUME = 19,
 PAGES = "251-259",
 YEAR = 1979
}

@inproceedings{gasching79,
 AUTHOR = "Gasching, J.",
 TITLE = "A Problem Similarity Approach to Devising Heuristics: First Results",
       booktitle="International Joint Conference on Artificial Intelligence (IJCAI-79)",
 PAGES = "301-307",
 YEAR = 1979
}


@inproceedings{mostow89,
 AUTHOR = "Mostow, J. and Prieditis, A.",
 TITLE = "Discovering Admissible Heuristics by Abstracting and Optimizing: A Transformational Approach",
       booktitle="International Joint Conference on Artificial Intelligence (IJCAI-89)",
 PAGES = "701-707",
 YEAR = 1989
}


@ARTICLE{edelkamp01short,
  AUTHOR = "Edelkamp, S.",
  TITLE = "Planning with Pattern Databases",
  JOURNAL = "Proc, ECP-01",
  PAGES = "13-24",
  YEAR = 2001
}


@ARTICLE{Schroedl05,
 AUTHOR = "S. Schroedl",
 TITLE = "An Improved Search Algorithm for Optimal Multiple-Sequence Alignment",
        journal="Journal of Artificial Intelligence Research",
 VOLUME=23,
 PAGES = "587--623",
 YEAR = 2005
 }

@inproceedings{MUL07,
       author="S. Edelkamp and P. Kissmann",
       title="Externalizing the Multiple Sequence Alignment Problem with Affine Gap Costs",
       booktitle="German Conference on Artificial Intelligence (KI), LNCS 4467",
       pages="444--447",
       year=2007}

@inproceedings{edelkamp01,
 AUTHOR = "Edelkamp, S.",
 TITLE = "Planning with Pattern Databases",
 booktitle = "European Conference on Planning (ECP-01)",
 PAGES = "13--24",
 YEAR = 2001
}


@ARTICLE{edelkamp02,
 AUTHOR = "Edelkamp, S.",
 TITLE = "Symbolic Pattern Databases in Heuristic Search Planning",
 JOURNAL = "International Conference on AI Planning and Scheduling (AIPS)",
 PAGES = "274-293",
 YEAR = 2002
}

@inproceedings{edelkamp98,
 AUTHOR = "Edelkamp, S. and Korf, R. E.",
 TITLE = "The branching factor of regular spaces",
       booktitle="National Conference on Artificial Intelligence (AAAI-98)",
 YEAR = 1998,
 PAGES = "299-304"
}


}




@inproceedings{korf98,
 AUTHOR = "Korf, R. E. and Reid, M.",
 TITLE = "Complexity Analysis of Admissible Heuristic Search",
       booktitle="National Conference on Artificial Intelligence (AAAI-98)",
 YEAR = 1998,
 PAGES = "305-310"
}


@ARTICLE{russell92,
 AUTHOR = "Russell, S.",
 TITLE = "Efficient Memory-Bounded Search Methods",
 JOURNAL = "European Conference on Artificial Intelligence (ECAI-92)",
 YEAR = 1992,
 PAGES = "1-5",
 PUBLISHER = "Wiley"
}

@inproceedings{kaindl95,
 AUTHOR = "Kaindl, H. and Kainz, G. and Leeb, A. and Smetana, H.",
 TITLE = "How to Use Limited Memory in Heuristic Search",
       booktitle="International Joint Conference on Artificial Intelligence (IJCAI-89)",
 YEAR = 1995,
 PAGES = "236-242"
}

@inproceedings{korf97,
 AUTHOR = "Korf, R. E.",
 TITLE = "Finding Optimal Solutions to {R}ubik's {C}ube Using Pattern Databases",
       booktitle="National Conference on Artificial Intelligence (AAAI-97)",
 YEAR = 1997,
 PAGES = "700--705"
}


@inproceedings{korf97short,
  AUTHOR = "Korf, R. E.",
  TITLE = "Finding Optimal Solutions to {R}ubik's {C}ube Using Pattern Databases",
       booktitle="National Conference on Artificial Intelligence (AAAI-97)",
  YEAR = 1997,
  PAGES = "700--705"}


@inproceedings{KORF05,
   author="Korf, R. E.",
       title="Large scale parellel breadth-first search",
       booktitle="National Conference on Artificial Intelligence (AAAI-05)",
       PAGES = "1380-1385",
       year= 2005}


@inproceedings{KORF04,
   author="Korf, R. E.",
       title="Best-first frontier search with delayed duplicate detection",
       booktitle="National Conference on Artificial Intelligence (AAAI-04)",
       PAGES = "650--657",
       year= 2004}


@TECHREPORT{pdb94,
 AUTHOR = "Culberson, J. C. and Schaeffer, J.",
 TITLE = "Efficiently Searching the 15-Puzzle",
 INSTITUTION = "Department of Computer Science, University of Alberta",
 YEAR = 1994
}

@TECHREPORT{blocks,
 AUTHOR="Slaney, J. and Thi{\'e}baux, S.",
 TITLE = "Adventures in Blocks World",
 NOTE = "TR-ARP-7-94",
 INSTITUTION = "Research School of Information Sciences and Engineering and
Centre for Information Science Research, Australian National University",
 YEAR = 1994
}


@ARTICLE{pdb96,
 AUTHOR = "Culberson, J. C. and Schaeffer, J.",
 TITLE = "Searching with Pattern Databases",
 JOURNAL = "Advances in Artificial Intelligence (Lecture Notes in Artificial Intelligence 1081)",
 YEAR = 1996,
 PAGES = "402-416",
 PUBLISHER = "Springer"
}


@ARTICLE{pdb98,
 AUTHOR = "Culberson, J. C. and Schaeffer, J.",
 TITLE = "Pattern Databases",
 JOURNAL = "Computational Intelligence",
 YEAR = 1998,
 volume = "14",
 number = "3",
 PAGES = "318--334"
}




@ARTICLE{valtorta84,
 AUTHOR = "Valtorta, M.",
 TITLE = "A Result on the Computational Complexity of Heuristic Estimates for the {A}* Algorithm",
 JOURNAL = "Information Sciences",
 YEAR = 1984,
 PAGES = "47-59"
}

@ARTICLE{evett95,
 AUTHOR = "Evett, M.P. and Hendler, J.A. and Mahanti, A. and Nau, D.",
 TITLE = "{PRA}*: Massively Parallel Heuristic Search",
 JOURNAL = "Journal of Parallel and Distributed Computing",
 VOLUME = 25,
 NUMBER = 2,
 PAGES = "133-143",
 YEAR = 1995
}


@ARTICLE{dillenburg94,
 AUTHOR = "Dillenburg, J. F. and Nelson, P. C.",
 TITLE = "Perimeter Search",
 JOURNAL = "Artificial Intelligence",
 VOLUME = 65,
 YEAR = 1994,
 PAGES = "165-178"
}

@ARTICLE{korfmacro,
 AUTHOR = "Korf, R. E.",
 TITLE = "Macro-operators: A weak method for learning",
 JOURNAL = "Artificial Intelligence",
 VOLUME = 26,
 YEAR = 1985,
 PAGES = "35-77"
}





@ARTICLE{STRIPS,
 AUTHOR = "Fikes, R. and Nilsson, N. J.",
 TITLE = "{STRIPS}: A New Approach to the Application of Theorem Proving to Problem Solving",
 JOURNAL = "Artificial Intelligence",
 VOLUME = 2,
 YEAR = 1971,
 PAGES = "189-208"
}


@ARTICLE{astar,
 AUTHOR = "Hart, P.E. and Nilsson, N. J. and Raphael, B.",
 TITLE = "A Formal Basis for the Heuristic Determination of Minimum Cost Paths",
 JOURNAL = "IEEE Transactions on Systems Science and Cybernetics",
 VOLUME = 4,
 ISSUE  = 2,
 YEAR = 1968,
 PAGES = "100-107"
}



@TECHREPORT{istvan99,
 AUTHOR = "Hern{\'a}dv{\"o}lgyi, I. T. and Holte, R. C.",
 TITLE = "{PSVN}: A Vector Representation for Production Systems",
 INSTITUTION = "School of Information Technology and Engineering, University of Ottawa",
 NUMBER = "TR-99-04",
 YEAR = 1999
}

@ARTICLE{istvan01,
 AUTHOR = "Hern{\'a}dv{\"o}lgyi, I. T.",
 TITLE = "Searching for Macro Operators with Automatically Generated Heuristics",
 JOURNAL = "Advances in Artificial Intelligence - Proceedings of the Fourteenth Biennial Conference of the Canadian Society for Computational Studies of Intelligence (LNAI 2056)",
 YEAR = 2001,
 PAGES = "194-203"
}


@inproceedings{holte96,
 AUTHOR = "Holte, R. C. and Perez, M. B.  and Zimmer, R. M. and MacDonald, A. J.",
 TITLE = "Hierarchical {A}*: Searching Abstraction Hierarchies Efficiently",
       booktitle="National Conference on Artificial Intelligence (AAAI-96)",
 YEAR = 1996,
 PAGES = "530-535"
}

@inproceedings{holte96short,
 AUTHOR = "Holte, R. C. and Perez, M. B.  and Zimmer, R. M. and MacDonald, A. J.",
 TITLE = "Hierarchical {A}*: Searching Abstraction Hierarchies Efficiently",
       booktitle="National Conference on Artificial Intelligence (AAAI-96)",
 PAGES = "530--535",
 YEAR = 1996,
}

@ARTICLE{prieditis,
 AUTHOR = "Prieditis, A. E.",
 TITLE = "Machine Discovery of Effective Admissible Heuristics",
 JOURNAL = "Machine Learning",
 VOLUME = 12,
 YEAR = 1993,
 PAGES = "117-141"
}

@inproceedings{robistvan,
 AUTHOR = "Holte, R. C. and Hern{\'a}dv{\"o}lgyi, I. T.",
 TITLE = "A Space-Time Tradeoff for Memory-Based Heuristics",
       booktitle="National Conference on Artificial Intelligence (AAAI-99)",
 YEAR = 1999,
 PAGES = "704-709"
}

@article{BagchiM83,
  author    = {A. Bagchi and
               A. Mahanti},
  title     = {Search Algorithms Under Different Kinds of Heuristics -- {A} Comparative Study},
  journal   = {Journal of the ACM},
  volume    = {30},
  number    = {1},
  year      = {1983},
  pages     = {1-21},
  ee        = {http://doi.acm.org/10.1145/322358.322359},
  bibsource = {DBLP, http://dblp.uni-trier.de}
}

@BOOK{pearl,
 AUTHOR = "Pearl, J.",
 TITLE = "Heuristics: Intelligent Search Strategies for Computer Problem Solving",
 PUBLISHER = "Addison-Wesley",
 YEAR = 1984
}


@ARTICLE{pancake,
 AUTHOR = "Dweighter, H.",
 TITLE = "Problem E2569",
 JOURNAL = "American Mathematical Monthly",
 VOLUME = 82,
 YEAR = 1975,
 PAGES = "1010"
}
@ARTICLE{Brunetta,
 AUTHOR = " L. Brunetta  and M. Conforti and N. Rinaldi",
 TITLE = "A branch-and-cut Algorithm for the Equicut Problem",
 JOURNAL = "Math. Program.",
 VOLUME = 78,
  PAGES = "243--263",
 YEAR = 1997
}

@ARTICLE{Ferreira,
   AUTHOR = "A. Ferreira  and A. Martin  and C. C. de Souza  and
         R. Weismantel and L. A. Wolsey",
 TITLE = "The Node Capacitated Graph Partitioning Problem: A
         Computational Study",
 JOURNAL = "Math Program.",
 VOLUME = 81,
  PAGES = "229--256",
 YEAR = 1998
}

@ARTICLE{Johnson,
   AUTHOR = "E. L. Johnson  and A. Mehrotra  and G. L. Nemhauser",
 TITLE = "Min-cut Clustering",
 JOURNAL = "Math Program.",
 VOLUME = 62,
  PAGES = "133--151",
 YEAR = 1993
}


@ARTICLE{Clausen,
   AUTHOR = "J. Clausen and J. Larsson-Traff",
 TITLE = "Implementation of Parallel Branch and Bound Algorithms -
         Experiences with the Graph partitioning Problem",
 JOURNAL = "Ann. Oper. Res.",
 VOLUME = 33,
  PAGES = "331--349",
 YEAR = 1991
}

@ARTICLE{Karisch,
   AUTHOR = "S. E. Karisch  and F. Rendl  and J. Clausen ",
 TITLE = "Solving Graph Bisection Problems with Semidefinite Programming",
 JOURNAL = "Informs: Journal of Computing",
 VOLUME = "12(3)",
  PAGES = "177--191",
 YEAR = 2000
}



@ARTICLE{Sensen,
 AUTHOR = "N . Sensen",
 TITLE = "Lower Bounds and Exact Algorithms for the Graph Partitioning
         Problem with Multicommodity FLows",
 JOURNAL = "Algorithms - ESA 2001",
  PAGES = "391--403",
 YEAR = 2001
}

@ARTICLE{APPLEBY,
 AUTHOR = "S. Appleby and S. Steward",
 TITLE = "Mobile software agents for control in
telecommunication networks",
 JOURNAL = "British Telecom Technology Journal 12",
  PAGES = "104--113",
 YEAR = 1994
}

@ARTICLE{mero84,
 AUTHOR = "L. Mero",
 TITLE = "A Heuristic Search Algorithm with Modifiable Estimate",
 JOURNAL = "Artificial Intelligence",
 VOLUME="23",
 YEAR = 1984,
 PAGES = "13-27"
}

@article {chen96,
author = "T. Chen and S. Skiena",
title = "Sorting with Fixed-Length Reversals",
journal = "Discrete Applied Mathematics",
volume = "71",
number = "1--3",
year = "1996",
pages = "269--295"}

@ARTICLE{SCHOOND,
 AUTHOR = "R. Schoonderwoerd and O. Holland and  J. Bruten and L. Rothkrantz",
 TITLE = "Ant-based load balancing in telecommunications networks",
 JOURNAL = "Adaptive Behavior, 5(2)",
 YEAR = 1996
}


@inproceedings{Ishida00,
   author    = "M. Shimbo and T. Isida",
   title     = "Towards Real-Time Search with Inadmissible Heuristics",
   booktitle = " European Conference on Artificial Intelligence (ECAI)",
   pages     = "609--613",
   year      = "2000"
}

@inproceedings{Ishida00short,
   author    = "M. Shimbo and T. Isida",
   title     = "Towards Real-Time Search with Inadmissible Heuristics",
   booktitle = "ECAI",
   pages     = "609--613",
   year      = "2000"
}

@inproceedings{Koenig05,
   author    = "M. Likhachev and S. Koenig",
   title     = "A Generalized Framework for Lifelong Planning {A}*",
        booktitle= "International Conference on Automated Planning and Scheduling (ICAPS-05)",
   pages     = "99--108",
   year      = "2005"
}

@inproceedings{Koenig05short,
   author    = "M. Likhachev and S. Koenig",
   title     = "A Generalized Framework for Lifelong Planning {A}*",
        booktitle= "International Conference on Automated Planning and Scheduling (ICAPS-05)",
   pages     = "99--108",
   year      = "2005"
}

@inproceedings{incijcai09,
   author="A. Junghanns and J. Schaeffer",
       title="Domain-dependent single-agent search enhancements",
       booktitle="International Joint Conference on Artificial Intelligence (IJCAI-99)",
       pages="570--575",
       year= 1999}
}


@article{predjair,
  author    = {U. Zahavi and
               A. Felner and
               N. Burch and
               R. C. Holte},
  title     = {Predicting the Performance of {IDA}* (with {BPMX}) with Conditional Distributions},
  journal = "Journal of Artificial Intelligence Research",
volume = "37",
pages = "41--83",
year = "2010"}
}


@inproceedings{DUAL2005,
  author    = {A. Felner and
               U. Zahavi and
               J. Schaeffer and
               R. C. Holte},
  title     = {Dual Lookups in Pattern Databases},
       booktitle="International Joint Conference on Artificial Intelligence (IJCAI-05)",
  year      = {2005},
  pages     = {103-108},
  ee        = {http://www.ijcai.org/papers/0359.pdf},
  bibsource = {DBLP, http://dblp.uni-trier.de}
}



@inproceedings{DUALAAAI06,
  author    = {U. Zahavi and
               A. Felner and
               R. C. Holte and
               J. Schaeffer},
  title     = {Dual Search in Permutation State Spaces},
       booktitle="National Conference on Artificial Intelligence (AAAI-06)",
  year      = {2006},
  pages     = {1076-1081},
  bibsource = {DBLP, http://dblp.uni-trier.de}
}

@inproceedings{INCON2007,
  author    = {U. Zahavi and
               A. Felner and
               J. Schaeffer and
               N. R. Sturtevant},
  title     = {Inconsistent Heuristics},
       booktitle="National Conference on Artificial Intelligence (AAAI-07)",
  year      = {2007},
  pages     = {1211-1216},
  bibsource = {DBLP, http://dblp.uni-trier.de}
}




@inproceedings{PREDAAAI08,
  author    = {U. Zahavi and
               A. Felner and
               N. Burch and
               R. C. Holte},
  title     = {Predicting the Performance of {IDA}* with Conditional Distributions},
       booktitle="National Conference on Artificial Intelligence (AAAI-08)",
  year      = {2008},
  pages     = {381-386},
  bibsource = {DBLP, http://dblp.uni-trier.de}
}






@inproceedings{ZHOU04,
   author="R. Zhou and E. Hansen",
       title="Space-Efficient Memory-Based Heuristics",
       booktitle="National Conference on Artificial Intelligence (AAAI-04)",
       pages="677--682",
       year= 2004}

@inproceedings{ZHOU04b,
   author="R. Zhou and E. Hansen",
       title="Structured Duplicate Detection in External-Memory Graph Search",
       booktitle="National Conference on Artificial Intelligence (AAAI-04)",
       pages="683--689",
       year= 2004}

@inproceedings{ZHOU04c,
    author="R. Zhou and E. Hansen",
        title="Breadth-First Heuristic Search",
        booktitle= "International Conference on Automated Planning and Scheduling (ICAPS-04)",
        pages="92--100",
        year= 2004}

@inproceedings{SYM02,
   author="S. Edelkamp",
       title="Symbolic Pattern Databases in Heuristic Search Planning",
       booktitle="Proc. International Conference on AI Planning and Scheduling (AIPS)",
       pages="274--293",
       year= 2002}

@article {BRYNT92,
author = "O. Dunkel",
title = "Symbolic Boolean Manipulation with Ordered Binary Decision Diagrams",
journal = "ACM Computing Surveys",
volume = "24(3)",
year = "1992",
pages = "142--170"}

@inproceedings{STERNDILL,
   author="U. Stern and D. L. Dill.",
       title="Improved Probabilistic Verification by Hash Compaction",
       booktitle="Advanced Research Working Conference on Correct Hardware Design and Verification Methods",
       pages="206-240",
       year= 1995}

@article{BLOOM,
    author = "B. H. Bloom",
    title = "Space/Time Trade-offs in Hash Coding with Allowable Errors",
    journal = "Communications of the ACM",
    volume = "13(3)",
    year = "1970",
    pages = "422--426"}


@inproceedings{OCTREE02,
   author="M. McNaughton and P. Lu and J. Schaeffer and D. Szafron",
       title="Memory Efficient {A}* Heuristics for Multiple Sequence Alignment",
       booktitle="National Conference on Artificial Intelligence (AAAI-02)",
       pages="737--743",
       year= 2002}

@inproceedings{compress04short,
   author="A. Felner and R. Meshulam and R. C. Holte and R. E. Korf",
       title="Compressing Pattern Databases",
       booktitle="National Conference on Artificial Intelligence (AAAI-04)",
       pages="638--643",
       year= 2004}


@article{compressjur,
  author    = {A. Felner and
               R. E. Korf and
               R. Meshulam and
               R. C. Holte},
  title     = {Compressed Pattern Databases},
        journal="Journal of Artificial Intelligence Research",
  volume    = {30},
  year      = {2007},
  pages     = {213-247}
}






@inproceedings{compress04,
   author="A. Felner and R. Meshulam and R. C. Holte and R. E. Korf",
       title="Compressing Pattern Databases",
       booktitle="National Conference on Artificial Intelligence (AAAI-04)",
       pages="638--643",
       year= 2004}


@article {dunkel,
author = "O. Dunkel",
title = "Editorial note concerning advanced problem 3918",
journal = "American Mathematical Monthly",
volume = "48",
year = "1941",
pages = "219"}

@article {frame,
author = "J. S. Frame",
title = "Solution to advanced problem 3918",
journal = "American Mathematical Monthly",
volume = "48",
year = "1941",
pages = "216-217"}


@article {SARA2000,
author = "I. Hern{\'a}dv{\"o}lgyi and R. C. Holte ",
title = "Experiments with automatically created memory-based heuristics",
journal = "Proc. SARA-2000, Lecture Notes in Artificial Intelligence",
volume = 1864,
pages = "281--290",
year = 2000}


@article {korfthesis,
author = "R. E. Korf",
title = "Macro-operators: A weak method for learning",
journal = "Artificial Intelligence",
volume = "26",
number = "1",
year = "1985",
pages = "35-77"}

@article {Adler,
author = "F. R. Adler and  D. M. Gordon",
title = "Information Collection and Spread by Networks of Patrolling  Ants",
journal = "The American Naturalist",
volume = "140",
number = "3",
year = "1992",
pages = "373-400"}

@article {Gordon,
author = "D. M. Gordon",
title = "The Expandable Network of Ant Exploration",
journal = "Animal  Behaviour",
volume = "50",
year = "1995",
pages = "372-378"}

@article {EAW,
author = "V. M. Yanovski and I. A. Wagner and A. M. Bruckstein",
title = "A distributed ant algorithm for efficiently patrolling a network",
journal = "Algorithmica ",
volume = "37",
year = "2003",
pages = "165-186"}


@article {Dorigo,
author = "M. Dorigo, V. Maniezzo and A. Colorni",
title = "The Ant System: Optimization by a Colony of Cooperating Agents",
journal = "IEEE Transactions on Systems, Man, and Cybernetics-Part B",
year = "1994",
volume = "26",
number = "1",
pages = "29-41"}


@article {DB2003,
author = "V.  Marik, D. C. McFarlane, P. Valckenaers",
title = "Holonic and Multi-Agent Systems for Manufacturing",
journal = "First International Conference on Industrial Applications of Holonic and Multi-Agent Systems",
year = "2003"}

@article{ANTNET98,
   author="G. Di Caro and  and M. Dorigo",
       title="Ant{N}et: Distributed Stigmergetic Control for Communications Networks",
       journal="Journal of Artificial Intelligence Research",
       volume= 9,
       pages="317-365",
       year=1998
   }

@inproceedings{NEWANTS04,
       author="A. Felner and Yaron Shoshani and Israel A.
                 Wagner and Alfred M. Bruckstein ",
       title="Large Pheromones: A Case Study with Multi-agent Physical {A}*",
       booktitle="Forth International Workshop on Ant Colony Optimization
             and Swarm Intelligence. (ANTS 2004)",
       pages="366-373",
       year=2004
}

@article{pattern,
author = "J. Culberson and J. Schaeffer",
title = "Pattern databases",
journal = "Computational Intelligence",
volume = "14",
number = "3",
pages = "318--334",
year = "1998"}


@article {disjoint,
author = "R. E. Korf and A. Felner",
title = "Disjoint pattern database heuristics",
journal = "Artificial Intelligence",
volume = "134",
number = "1--2",
year = "2002",
month = "Jan",
pages = "9--22"}




@inproceedings{rubik,
   author="Korf, R. E.",
       title="Finding optimal solutions to {R}ubik's Cube using pattern databases",
       booktitle="National Conference on Artificial Intelligence (AAAI-97)",
       pages="700-705",
       year= 1997}

@inproceedings{twentyfour,
   author="Korf, R. E. and L.A. Taylor",
       title="Finding Optimal Solutions to
the Twenty-Four Puzzle",
       booktitle="National Conference on Artificial Intelligence (AAAI-96)",
       pages="1202--1207",
       year= 1996}







@inproceedings {bode+hinz,
author =  "J.-P. Bode and A.M. Hinz",
title = "Results and open problems on the {T}ower of {H}anoi",
booktitle = "Southeastern International Conference on Combinatorics, Graph Theory, and Computing",
address = "Boca Raton, FL",
year =  "1999"}





@inproceedings {aaai00,
author =  "R. E. Korf and W. Zhang",
title = "Divide-and-conquer frontier search applied to optimal sequence alignment",
booktitle = "National Conference on Artificial Intelligence (AAAI-2000)",
pages = "910-916",
year =  "2000"}




@inproceedings {ddd,
author =  "Korf, R. E.",
title = "Best-first frontier search with delayed duplicate detection",
booktitle = "National Conference on Artificial Intelligence (AAAI-04)",
pages = "650-657",
year =  "2004"}

@inproceedings{karp72,
author =  "Karp, R.M.",
title = "Reducibility among combinatorial problems",
booktitle = "R. E. Miller and J.W. Thatcher (eds.), Complexity of Computer Computations",
address = "Plenum Press, New York",
pages = "85-103",
year = "1972"}


@inproceedings {hinz,
author =  "Andreas M. Hinz",
title = "The Tower of {H}anoi",
booktitle = "Algebras and Combinatorics: Proceedings of ICAC'97",
address = "Hong Kong",
publisher = "Springer-Verlag",
year =  "1997",
pages = "277-289"}


@article{DIMACS,
title = "DIMACS Implementation Challenge: The Traveling Salesman Problem",
journal = "Avaialble at http://www.research.att.com/~dsj/chtsp/"}


@TECHREPORT{RIP,
  AUTHOR =       {G. Malkin},
  TITLE =        {RIPng Protocol Applicability Statement},
  INSTITUTION =  {IETF Network Working Group},
  YEAR =         {1997},
  type =         {RFC},
  number =       {2081},
  month =        {January},
}

@TECHREPORT{BGP,
  AUTHOR =       {Y. Rekhter and T. Li},
  TITLE =        {A Border Gateway Protocol},
  INSTITUTION =  {T.J Watson Research Center IBM Corporation \& Cisco Systems},
  YEAR =         {1995},
  type =         {RFC},
  number =       {1771},
  month =        {March},
}

@TECHREPORT{ACO3,
  AUTHOR =       {Gambardella L. M. and M. Dorigo},
  TITLE =        {HAS-SOP: An Hybrid Ant System for the Sequential Ordering
Problem},
  INSTITUTION =  {IDSIA},
  YEAR =         {1997},
  type =         {Technical Report},
  number =       {IDSIA 97-11},
  address =      {Lugano, Switzerland},
}

@TECHREPORT{survey17,
  AUTHOR =       {M.Benda and V.Jagannathan and R.Dodhiawalla},
  TITLE =        {On Optimal Cooperation of Knowledge Sources},
  INSTITUTION =  {Boeing AI Center},
  YEAR =         {1985},
  type =         {Technical Report},
  number =       {BCS-G 2010-28},
  month =        {August},
}

@ARTICLE{ACO1,
  AUTHOR =       {Dorigo M. and L.M. Gambardella},
  TITLE =        {Ant Colony System: A Cooperative Learning Approach to the
Traveling Salesman Problem},
  JOURNAL =      {IEEE Transactions on Evolutionary Computation},
  YEAR =         {1997},
  volume =       {1},
  number =       {1},
  pages =        {53--66},
}

@ARTICLE{ACO2,
  AUTHOR =       {Dorigo M. and G. Di Caro and L. M. Gambardella},
  TITLE =        {Ant Algorithms for Discrete Optimization},
  JOURNAL =      {Artificial Life},
  YEAR =         {1999},
  volume =       {5},
  number =       {2},
  pages =        {137--172},
}

@ARTICLE{ACO4,
  AUTHOR =       {Gambardella L. M. and E. Taillard and M. Dorigo},
  TITLE =        {Ant Colonies for the Quadratic Assignment Problem},
  JOURNAL =      {Journal of the Operational Research Society},
  YEAR =         {1999},
  volume =       {50},
  pages =        {167--176},
}

@INPROCEEDINGS{ACO5,
  AUTHOR =       {Bullnheimer B. and R.F. Hartl and C. Strauss},
  TITLE =        {An Improved Ant system Algorithm for the Vehicle Routing
Problem},
  BOOKTITLE =    {Sixth Viennese workshop on Optimal Control, Dynamic Games,
Nonlinear Dynamics and Adaptive Systems},
  YEAR =         {1997},
  pages =        {21--23},
  address =      {Vienna},
  month =        {May},
}

@ARTICLE{ACO6,
  AUTHOR =       {Colorni A. and M. Dorigo and V. Maniezzo and M. Trubian},
  TITLE =        {Ant system for Job-shop Scheduling},
  JOURNAL =      {JORBEL --- Belgian Journal of Operations Research, Statistics
and Computer Science},
  YEAR =         {1994},
  volume =       {34},
  number =       {1},
  pages =        {39--53},
}

@ARTICLE{ACO7,
  AUTHOR =       {Costa D. and A. Hertz},
  TITLE =        {Ants Can Colour Graphs},
  JOURNAL =      {Journal of the Operational Research Society},
  YEAR =         {1997},
  volume =       {48},
  pages =        {295--305},
}

@ARTICLE{ACO9,
  AUTHOR =       {Schoonderwoerd R. and O. Holland and J. Bruten and L.
Rothkrantz},
  TITLE =        {Ant-based Load Balancing in Telecommunications Networks},
  JOURNAL =      {Adaptive Behavior},
  YEAR =         {1997},
  volume =       {5},
  number =       {2},
  pages =        {169--207},
}

@ARTICLE{ACO10,
  AUTHOR =       {Di Caro G. and Dorigo M},
  TITLE =        {AntNet: Distributed Stigmergetic Control for Communications
Networks},
        journal="Journal of Artificial Intelligence Research",
  YEAR =         {1998},
  volume =       {9},
  pages =        {317--365},
}

@INPROCEEDINGS{ACO11,
  AUTHOR =       {Navarro Varela G. and M.C. Sinclair},
  TITLE =        {Ant Colony Optimisation for Virtual-Wavelength-Path Routing
and Wavelength Allocation},
  BOOKTITLE =    {Congress on Evolutionary Computation (CEC'99)},
  YEAR =         {1999},
  pages =        {1809--1816},
  address =      {Washington DC, USA},
  month =        {July},
}

@BOOK{newAnts1,
  AUTHOR =       {B. Houmlldobler and E.O. Wilson},
  TITLE =        {The ants},
  PUBLISHER =    {Springer},
  YEAR =         {1990},
  address =      {Berlin},
}

@ARTICLE{newAnts2,
  AUTHOR =       {S. Goss and S. Aron and J.L. Deneubourg and J.M. Pasteels},
  TITLE =        {Self-organized shortcuts in the argentine ant},
  JOURNAL =      {Naturwissenschaften},
  YEAR =         {1989},
  volume =       {76},
  pages =        {579--581},
}

@ARTICLE{newAnts3,
  AUTHOR =       {R. Beckers and J.L. Deneubourg and S. Goss},
  TITLE =        {Trails and U-turns in the selection of the shortest path by
the ant Lasius Niger},
  JOURNAL =      {Journal of Theoretical Biology},
  YEAR =         {1992},
  volume =       {159},
  pages =        {397--415},
}

@ARTICLE{MultiAgentBiology1,
  AUTHOR =       {R.C.Arkin and T.Balch},
  TITLE =        {AuRA: Principles and Practice in Review},
  JOURNAL =      {Journal of Experimental and Theoretical Artificial
Intelligence},
  YEAR =         {1997},
  volume =       {9},
  number =       {2/3},
  pages =        {175--188},
}

@ARTICLE{survey3,
  AUTHOR =       {R.C.Arkin},
  TITLE =        {Integrating Behavioral, Perceptual, and World Knowledge in
Reactive Navigation},
  JOURNAL =      {Robotics and Autonomous Systems},
  YEAR =         {1990},
  volume =       {6},
  pages =        {105--122},
}

@ARTICLE{survey16,
  AUTHOR =       {T.R.Balch and R.C.Arkin},
  TITLE =        {Communication in Reactive Multiagent Robotic Systems},
  JOURNAL =      {Autonomous Robots},
  YEAR =         {1994},
  volume =       {1},
  number =       {1},
  pages =        {1--25},
}

@ARTICLE{survey20,
  AUTHOR =       {R.A.Brooks},
  TITLE =        {A Robust Layered Control System for a Mobile Robot},
  JOURNAL =      {IEEE Journal of Robotics and Automation},
  YEAR =         {1986},
  volume =       {RA-2},
  number =       {1},
  pages =        {14--23},
  month =        {March},
}

@INPROCEEDINGS{survey26,
  AUTHOR =       {J.Deneubourg and S.Goss and G.Sandini and F.Ferrari and P.
Dario},
  TITLE =        {Self-Organizing Collection and Transport of Objects in
Unpredictable Environments},
  BOOKTITLE =    {Japan-U.S.A. Symposium on Flexible Automation},
  YEAR =         {1990},
  pages =        {1093-1098},
  address =      {Kyoto, Japan},
}

@INPROCEEDINGS{survey28,
  AUTHOR =       {A.Drogoul and J.Ferber},
  TITLE =        {From Tom Thumb to the Dockers: Some Experiments With Foraging
Robots},
  BOOKTITLE =    {International Conference on Simulation of Adaptive Behavior},
  YEAR =         {1992},
  pages =        {451-459},
  address =      {Honolulu, Hawaii},
}

@INBOOK{survey34,
  AUTHOR =       {T.Haynes and S.Sen},
  TITLE =        {Adaptation and Learning in Multi-Agent Systems},
  CHAPTER =      {Evolving Behavioral Strategies in Predators and Prey},
  pages =        {113--126},
  PUBLISHER =    {Springer},
  YEAR =         {1986},
}

@INPROCEEDINGS{survey35,
  AUTHOR =       {L.Hugues},
  TITLE =        {Collective Grounded Representations for Robots},
  BOOKTITLE =    {International Conference on Distributed Autonomous Robotic Systems (DARS 2000)},
  YEAR =         {2000},
  pages =        {79--88},
}

@ARTICLE{survey36,
  AUTHOR =       {D.Jung and A.Zelinsky},
  TITLE =        {Grounded Symbolic Communication Between Heterogeneous
Cooperating Robots},
  JOURNAL =      {Autonomous Robots},
  YEAR =         {2000},
  volume =       {8},
  number =       {3},
  pages =        {269--292},
  month =        {July},
}

@INPROCEEDINGS{survey44,
  AUTHOR =       {M.J.Mataric},
  TITLE =        {Designing Emergent Behaviors: From Local Interactions to
Collective Intelligence},
  BOOKTITLE =    {International Conference on Simulation of Adaptive Behavior},
  YEAR =         {1992},
  editor =       {J.Meyer and H.Roitblat and S.Wilson},
  pages =        {432--441},
  address =      {Honolulu, Hawaii},
  publisher =    {MIT Press},
}

@ARTICLE{survey51,
  AUTHOR =       {E.Pagello and A.DAngelo and F.Montesello and F.Garelli and C.
Ferrari},
  TITLE =        {Cooperative Behaviors in Multi-Robot Systems Through Implicit
Communication},
  JOURNAL =      {Robotics and Autonomous Systems},
  YEAR =         {1999},
  volume =       {29},
  number =       {1},
  pages =        {65--77},
}

@INBOOK{CC,
  AUTHOR =       {I.A.~Wagner and A.M.~Bruckstein},
  TITLE =        {Communications, Computation, Control, and Signal Processing:
A Tribute to Thomas Kailath},
  CHAPTER =      {Cooperative Cleaners: A Case of Distributed Ant-Robotics},
  pages =        {289--308},
  PUBLISHER =    {Kluwer Academic Publishers},
  YEAR =         {1997},
  address =      {The Netherlands},
}


@book{ sgall97line,
  author = "J. Sgall",
  title = "Line scheduling --- a survey, On-Line Algorithms",
  series = "Lecture Notes in Computer Science",
  publisher = "Springer-Verlag, Berlin",
  year = "1997"}


  @misc{jain98stateart,
  author = "A. Jain and S. Meeran",
  title = "A state-of-the-art review of job-shop scheduling techniques",
  text = "Technical report, Department of Applied Physics, Electronic
    and Mechanical Engineering, University of Dundee, Dundee, Scotland, 1998.",
  year = "1998",
  url = "citeseer.ist.psu.edu/jain98stateart.html" }


  @incollection{ karger97scheduling,
    author = "D. Karger and C. Stein and J. Wein",
    title = "Scheduling algorithms",
    booktitle = "Handbook of Algorithms and Theory of Computation",
    publisher = "CRC Press",
    editor = "M. J. Atallah",
    year = "1997",
    url = "citeseer.ist.psu.edu/karger97scheduling.html" }


@book{ Leung2004handbookOfScheduling,
    author = "J.  Leung and J. H. Anderson",
    title = "Handbook of Scheduling",
    publisher = "CRC Press",
    year = "May 1, 2004"}

@inproceedings{Sorensen2003DistanceMeasuresBasedOnEditDistance,
   author="K. Sorensen",
       title="Distance measures based on the edit distance for permutation type representations",
       booktitle="Workshop on Analysis and Design of Representations and Operators",
       pages="29--35",
       address="Chicago, USA.",
       year= 2003}

@inproceedings{Sorensen2005PermutationDistanceMeasures,
   author="K. Sorensen and M. Reimann and C. Prins",
       title="Permutation distance measures for memetic algorithms with population management",
       booktitle="MIC 6th Metaheuristics International Conference",
       address="Vienna, Austria",
       year= 2005}

@book{Hausdoff1914HausdoffDistance,
     author="F. Hausdorf",
     title="Grundzuege der Mengenlehre",
     publisher="Viet, Leipzig",
     year=1914}

@inproceedings{ARKIN90,
   author="E. Arkin and L. P. Chew and D. P. Huttenlovher and K. Kedem and J. S. B. Mitcjell",
       title="An efficiently computable metrics for comparing polygonal shapes",
       booktitle="ACM-SIAM Symposium on Discrete Algoritmhs",
       year= 1990}

@article {Atallah93,
author = "M. J. Atallah",
title = "A linear time algorithm for the Hausdorff distance between convex polygons",
journal = "Information Processing Letters",
volume = "17",
pages = "207--209",
year = "1983"}

@inproceedings{REPLAN2000,
   author="O. Brock  and K. Oussama",
       title="Real-Time Replanning in High-Dimensional Configuration Spaces Using Sets of Homotopic Paths",
       booktitle="IEEE International Conference on Robotics and Automation",
       pages="550--555",
       address="San Francisco, USA",
       year= 2000}




@inproceedings{ijcai03,
author = "R. E. Korf",
title =  "Delayed duplicate detection: Extended abstract",
booktitle = "International Joint Conference on Artificial Intelligence (IJCAI-03)",
year = "2003",
pages = "1539-1541"}


@inproceedings{ijcai07,
author = "R. E. Korf and A. Felner",
title =  "Recent progress in heuristic search: {A} case study of the Four-peg {Towers of Hanoi} problem",
booktitle = "International Joint Conference on Artificial Intelligence (IJCAI-07)",
year = "2007",
pages = "2324-2329"}

@inproceedings {aaai04,
author =  "R. E. Korf",
title = "Best-first frontier search with delayed duplicate detection",
booktitle = "National Conference on Artificial Intelligence (AAAI-2004)",
pages = "650-657",
year =  "2004"}

@inproceedings {aaai05,
author =  "R. E. Korf and P. Shultze",
title = "Large-scale, parallel breadth-first search",
booktitle = "National Conference on Artificial Intelligence (AAAI-2005)",
pages = "1380-1385",
year =  "2005"}

@article {frontier,
author = "R. E. Korf and W. Zhang and I. Thayer and H. Hohwald",
title = "Frontier search",
journal = "Journal of the JACM",
volume = "52",
number = "5",
month = "September",
year = "2005",
pages = "715-748"}


@article {stewart,
author = "B.M. Stewart",
title = "Solution to advanced problem 3918",
journal = "American Mathematical Monthly",
volume = "48",
year = "1941",
pages = "217-219"}


@article {bfhs,
author =  "R. Zhou and E. Hansen",
title = "Breadth-first heuristic search",
journal = "Artificial Intelligence",
volume = "170",
number = "4-5",
pages = "385-408",
year =  "2006"}


@article{DBLP:journals/ai/Martelli77,
  author    = {A. Martelli},
  title     = {On the Complexity of Admissible Search Algorithms},
  journal   = {Artificial Intelligence},
  volume    = {8},
  number    = {1},
  year      = {1977},
  pages     = {1-13},
  bibsource = {DBLP, http://dblp.uni-trier.de}
}



@inproceedings {Munagala+Ranade,
author = "K. Munagala and A. Ranade",
title = "I/O Complexity of graph algorithms",
booktitle = "Annual Symposium on Discrete Algorithms",
publisher = "ACM-SIAM",
year = "1999",
pages = "687-694"}

@article {myrvold+ruskey,
author =  "W. Myrvold and F. Ruskey",
title = "Ranking and unranking permutations in linear time",
journal = "Information Processing Letters",
volume = "79",
pages = "281-284",
year =  "2001"}


@article {lincon,
author =  "O. Hansson and A. Mayer and M. Yung",
title = "Criticizing solutions to relaxed models yields powerful admissible heuristics",
journal = "Information Sciences",
volume = "63(3)",
pages = "207-227",
year =  "1992"}

@article {SKOENIG2001,
author =  "S. Koenig",
title = "Agent-Centered Search",
journal = "Artificial Intelligence Magazine",
volume = "22(4)",
pages = "109--131",
year =  "2001"}




@proceedings{DBLP:conf/aaai/2007,
booktitle = "National Conference on Artificial Intelligence (AAAI-2007)",
publisher = {AAAI Press},
year = {2007},
isbn = {978-1-57735-323-2},
bibsource = {DBLP, http://dblp.uni-trier.de}
}

@inproceedings{DBLP:conf/ecml/ShaniBS06,
author = {Guy Shani and
Ronen I. Brafman and
Solomon Eyal Shimony},
title = {Prioritizing Point-Based {POMDP} Solvers},
booktitle = {ECML},
year = {2006},
pages = {389-400},
ee = {http://dx.doi.org/10.1007/11871842_38},
bibsource = {DBLP, http://dblp.uni-trier.de}
}

@proceedings{DBLP:conf/ecml/2006,
editor = {Johannes F{\"u}rnkranz and
Tobias Scheffer and
Myra Spiliopoulou},
title = {Machine Learning: ECML 2006, 17th European Conference on
Machine Learning, Berlin, Germany, September 18-22, 2006,
Proceedings},
booktitle = {ECML},
publisher = {Springer},
series = {Lecture Notes in Computer Science},
volume = {4212},
year = {2006},
isbn = {3-540-45375-X},
bibsource = {DBLP, http://dblp.uni-trier.de}

}
@inproceedings{DBLP:conf/aaai/Hansen07,
author = {Eric A. Hansen},
title = {Indefinite-Horizon {POMDP}s with Action-Based Termination},
booktitle = "National Conference on Artificial Intelligence (AAAI-2007)",
year = {2007},
pages = {1237-1242},
bibsource = {DBLP, http://dblp.uni-trier.de}
}

@book{Puterman,
author = {M.~Puterman},
title = {Markov Decision Processes},
publisher = {Wiley},
address = {New York},
year = {1994}
}

@inproceedings{Pineau,
author = "J.~Pineau and G.~Gordon and S.~Thrun",
title = {Point-Based Value Iteration: An Anytime Algorithm for {POMDP}s},
month = "August",
year = "2003",
       booktitle="International Joint Conference on Artificial Intelligence (IJCAI-03)",
pages = "1025 - 1032"
}

@article{HeckermanVOI,
author = {D. Heckerman and E. Horvitz and B. Middleton},
title = {An Approximate Nonmyopic Computation for Value of Information},
journal = {IEEE Trans. Pattern Anal. Mach. Intell.},
volume = {15},
number = {3},
year = {1993},
issn = {0162-8828},
pages = {292--298},
doi = {http://dx.doi.org/10.1109/34.204912},
publisher = {IEEE Computer Society},
address = {Washington, DC, USA},
}

@article{DUALJUR,
  author    = {U. Zahavi and
               A. Felner and
               R. C. Holte and
               J. Schaeffer},
  title     = {Duality in permutation state spaces and the dual search
               algorithm},
  journal   = {Artificial Intelligence},
  volume    = {172},
  number    = {4--5},
  year      = {2008},
  pages     = {514--540},
  ee        = {http://dx.doi.org/10.1016/j.artint.2007.10.019},
  bibsource = {DBLP, http://dblp.uni-trier.de}
}

@inproceedings{DBLP:conf/aaai/Korf07,
  author    = {R. E. Korf},
  title     = {Analyzing the Performance of Pattern Database Heuristics},
  booktitle = "National Conference on Artificial Intelligence (AAAI-2007)",
  year      = {2007},
  pages     = {1164-1170},
  bibsource = {DBLP, http://dblp.uni-trier.de}
}

@article {JAIRTOBY,
author = "B. Hnich and B. Smith and T. Walsh",
title = "Dual Modelling of Permutation and Injection Problems",
journal = "Journal of Artificial Intelligence Research",
volume = "21",
pages = "357--391",
year = "2004"}

@article{DBLP:journals/ai/ZhouH06,
  author    = {Rong Zhou and
               Eric A. Hansen},
  title     = {Breadth-first heuristic search},
  journal   = {Artificial Intelligence},
  volume    = {170},
  number    = {4-5},
  year      = {2006},
  pages     = {385-408},
  ee        = {http://dx.doi.org/10.1016/j.artint.2005.12.002},
  bibsource = {DBLP, http://dblp.uni-trier.de}
}

@article{Mahanti97,
  author = {A. Mahanti and S. Ghosh and D. Nau and A. Pal and L. Kanal},
  title = {On the Asymptotic Performance of {IDA*}},
  journal = {Annals of Mathematics and Artificial Intelligence},
  volume = {20},
  number = {1--4},
  year = {1997},
  pages = {161--193},
}


@inproceedings{PRED08,
  author    = {U. Zahavi and
               A. Felner and
               N. Burch and
               R. C. Holte},
  title     = {Predicting the Performance of {IDA*} with Conditional Distributions},
  booktitle = "National Conference on Artificial Intelligence (AAAI-2008)",
  year      = {2008},
  pages     = {381-386},
  bibsource = {DBLP, http://dblp.uni-trier.de}
}


@incollection{DBLP:series/sci/BeniaminyYZZ09,
  author    = {Israel Beniaminy and
               Dovi Yellin and
               U. Zahavi and
               Marko Zerdin},
  title     = {When the Rubber Meets the Road: Bio-inspired Field Service
               Scheduling in the Real World},
  booktitle = {Bio-inspired Algorithms for the Vehicle Routing Problem},
  year      = {2009},
  pages     = {191-213},
  ee        = {http://dx.doi.org/10.1007/978-3-540-85152-3_9},
  bibsource = {DBLP, http://dblp.uni-trier.de}
}

@article{JAIRAdditiveSSA,
  author    = {F. Yang and
               J. Culberson and
               R. C. Holte and
               U. Zahavi and
               A. Felner},
  title     = {A General Theory of Additive State Space Abstractions},
        journal="Journal of Artificial Intelligence Research",
  volume    = {32},
  year      = {2008},
  pages     = {631-662},
}

@article{ADBAIJ02,
  author    = {R. E. Korf and
               A. Felner},
  title     = {Disjoint pattern database heuristics},
  journal   = {Artificial Intelligence},
  volume    = {134},
  number    = {1-2},
  year      = {2002},
  pages     = {9-22},
  ee        = {http://dx.doi.org/10.1016/S0004-3702(01)00092-3},
  bibsource = {DBLP, http://dblp.uni-trier.de}
}

@mastersthesis{ZhangMaster08,
       author="Z. Zhang",
       title="Single Agent Search with Addmissible Inconsistent Heuristics",
       school="Department of Computer Science, University of Alberta",
       address="Canada",
       year=2008}





@InProceedings{CPDBsara,
  author =  "A. Felner and N. Sturtevant and  J. Schaeffer ",
  title =   "Abstraction-Based Heuristics with True Distance Computations",
       booktitle="Symposium on Abstraction, Reformulation and Approximation (SARA-09)",
  year =    "2009"
}

@InProceedings{CPDB,
  author =  "N. Sturtevant and A. Felner and M. Barer and J. Schaeffer and N. Burch",
  title =   "Memory-Based Heuristics for Explicit State Spaces",
       booktitle="International Joint Conference on Artificial Intelligence (IJCAI-09)",
  pages = "609-614",
  year =    "2009"
}

@InProceedings{IncAStar,
  author =  "Z. Zhang and N. Sturtevant and J. Schaeffer and R.C. Holte and A. Felner",
  title =   "{A*} Search with Inconsistent Heuristics",
       booktitle="International Joint Conference on Artificial Intelligence (IJCAI-09)",
       pages= "634-639",
  year =    "2009",
}


@inproceedings{BONET2006,
  author    = {B. Bonet and
               H. Geffner},
  title     = {Learning Depth-First Search: A Unified Approach to Heuristic
               Search in Deterministic and Non-Deterministic Settings,
               and Its Application to {MDP}s},
  booktitle = "International Conference on Automated Planning and Scheduling (ICAPS-06)",
  year      = {2006},
  pages     = {142-151},
}

@inproceedings{Domshlak2010,
  author    = {Carmel Domshlak and Erez Karpas and Shaul Markovitch},
  title	    = {To Max or not to Max: Online Learning for Speeding Up Optimal Planning},
  booktitle = {National Conference on Artificial Intelligence (AAAI-07)},
  year	    = {2010}
}

@inproceedings{lelis2011etruncation,
  author    = {L. Lelis and S. Zilles and R. C. Holte},
  title     = {Improved Prediction of {IDA*}ג€™s Performance via $\epsilon$-Truncation},
  booktitle = {SoCS},
  year      = {2011}
}

@inproceedings{KhorshidHS11,
  author    = {Mokhtar M. Khorshid and
               Robert C. Holte and
               Nathan R. Sturtevant},
  title     = {A Polynomial-Time Algorithm for Non-Optimal Multi-Agent
               Pathfinding},
  booktitle = {SOCS},
  year      = {2011},
  ee        = {http://www.aaai.org/ocs/index.php/SOCS/SOCS11/paper/view/4039},
  crossref  = {DBLP:conf/socs/2011},
  bibsource = {DBLP, http://dblp.uni-trier.de}
}

@inproceedings{LunaB11,
  author    = {Ryan Luna and
               Kostas E. Bekris},
  title     = {Push and Swap: Fast Cooperative Path-Finding with Completeness
               Guarantees},
  booktitle = {IJCAI},
  year      = {2011},
  pages     = {294-300},
  ee        = {http://ijcai.org/papers11/Papers/IJCAI11-059.pdf},
  crossref  = {DBLP:conf/ijcai/2011},
  bibsource = {DBLP, http://dblp.uni-trier.de}
}


@article{stern2013target,
  title={Target oriented network intelligence collection for the social web},
  author={Stern, R and Samama, L and Puzis, R and Felner, A and Bnaya, Z and Beja, T},
  journal={AAAI AIW},
  year={2013}
}

@article{biernacki1981snowball,
  title={Snowball sampling: Problems and techniques of chain referral sampling},
  author={Biernacki, Patrick and Waldorf, Dan},
  journal={Sociological methods \& research},
  volume={10},
  number={2},
  pages={141--163},
  year={1981},
  publisher={Sage Publications}
}

@article{watts1998collective,
  title={Collective dynamics of ג€˜small-worldג€™networks},
  author={Watts, Duncan J and Strogatz, Steven H},
  journal={nature},
  volume={393},
  number={6684},
  pages={440--442},
  year={1998},
  publisher={Nature Publishing Group}
}
@incollection{pawlas2012universal,
  title={Universal Web Pages Content Parser},
  author={Pawlas, Piotr and Doma{\'n}ski, Adam and Doma{\'n}ska, Joanna},
  booktitle={Computer Networks},
  pages={130--138},
  year={2012},
  publisher={Springer}
}
@article{klerks2001network,
  title={The network paradigm applied to criminal organizations: Theoretical nitpicking or a relevant doctrine for investigators? Recent developments in the Netherlands},
  author={Klerks, Peter},
  journal={Connections},
  volume={24},
  number={3},
  pages={53--65},
  year={2001},
  publisher={AAAI Press}
}
@inproceedings{yang2012defining,
  title={Defining and evaluating network communities based on ground-truth},
  author={Yang, Jaewon and Leskovec, Jure},
  booktitle={Proceedings of the ACM SIGKDD Workshop on Mining Data Semantics},
  pages={3},
  year={2012},
  organization={ACM}
}
@inproceedings{fire2011linkPrediction,
  title={Link prediction in social networks using computationally efficient topological features},
  author={M. Fire and L. Tenenboim and O. Lesser and R. Puzis and L. Rokach and Y. Elovici},
  booktitle={IEEE international conference on social computing (SocialCom)},
  pages={73--80},
  year={2011}
}


@article{fire2014computationallyEfficient,
 author = {Fire, Michael and Tenenboim-Chekina, Lena and Puzis, Rami and Lesser, Ofrit and Rokach, Lior and Elovici, Yuval},
 title = {Computationally Efficient Link Prediction in a Variety of Social Networks},
 journal = {ACM Trans. Intell. Syst. Technol.},
 volume = {5},
 number = {1},
 year = {2014},
 pages = {1--25},
} 




@inproceedings{mislove2010youAreWho,
  title={You are who you know: inferring user profiles in online social networks},
  author={Mislove, Alan and Viswanath, Bimal and Gummadi, Krishna P and Druschel, Peter},
  booktitle={Proceedings of the third ACM international conference on Web search and data mining},
  pages={251--260},
  year={2010},
  organization={ACM}
}
@book{altshuler2013stealing,
  title={Stealing reality: when criminals become data scientists (or vice versa)},
  author={Altshuler, Yaniv and Aharony, Nadav and Elovici, Yuval and Pentland, Alex and Cebrian, Manuel},
  year={2013},
  publisher={Springer}
}
@article{aharoni2013neuroprediction,
  title={Neuroprediction of future rearrest},
  author={Aharoni, Eyal and Vincent, Gina M and Harenski, Carla L and Calhoun, Vince D and Sinnott-Armstrong, Walter and Gazzaniga, Michael S and Kiehl, Kent A},
  journal={Proceedings of the National Academy of Sciences},
  volume={110},
  number={15},
  pages={6223--6228},
  year={2013},
  publisher={National Acad Sciences}
}
@article{eagle2006reality,
  title={Reality mining: sensing complex social systems},
  author={Eagle, Nathan and Pentland, Alex},
  journal={Personal and ubiquitous computing},
  volume={10},
  number={4},
  pages={255--268},
  year={2006},
  publisher={Springer-Verlag}
}
@article{eagle2009inferring,
  title={Inferring friendship network structure by using mobile phone data},
  author={Eagle, Nathan and Pentland, Alex Sandy and Lazer, David},
  journal={Proceedings of the National Academy of Sciences},
  volume={106},
  number={36},
  pages={15274--15278},
  year={2009},
  publisher={National Acad Sciences}
}
@inproceedings{pan2011composite,
  title={Composite Social Network for Predicting Mobile Apps Installation.},
  author={W. Pan and N. Aharony and A. Pentland},
  booktitle={AAAI},
  year={2011}
}
@article{barabasi2003scale,
  title={Scale-free},
  author={BARAB{\'A}SI, BY ALBERT-L{\'A}SZL{\'O} and Bonabeau, Eric},
  journal={Scientific American},
  year={2003}
}
@article{liben2007link,
  title={The link-prediction problem for social networks},
  author={Liben-Nowell, David and Kleinberg, Jon},
  journal={Journal of the American society for information science and technology},
  volume={58},
  number={7},
  pages={1019--1031},
  year={2007},
  publisher={Wiley Online Library}
}
@inproceedings{aggarwal2001intelligent,
  title={Intelligent crawling on the World Wide Web with arbitrary predicates},
  author={Aggarwal, Charu C and Al-Garawi, Fatima and Yu, Philip S},
  booktitle={Proceedings of the 10th international conference on World Wide Web},
  pages={96--105},
  year={2001},
  organization={ACM}
}



@inproceedings{libenNowell2003theLinkPrediction,
  author = {Liben-Nowell, David and Kleinberg, Jon M.},
  booktitle = {CIKM},
  interhash = {1920da9fec5905f031a0ab3919553362},
  intrahash = {af6bcb7977b03a6a32eb503344e8143c},
  pages = {556-559},
  title = {The link prediction problem for social networks},
  year = 2003
}


@article{altshuler2011Incremental,
  added-at = {2011-12-05T00:00:00.000+0100},
  author = {Altshuler, Yaniv and Aharony, Nadav and Fire, Michael and Elovici, Yuval and Pentland, Alex},
  biburl = {http://www.bibsonomy.org/bibtex/233c11498da8a25ccf85341a5cb140541/dblp},
  ee = {http://arxiv.org/abs/1111.4645},
  interhash = {fca0bbeeabf4f40cb4a6ffed1635c6e9},
  intrahash = {33c11498da8a25ccf85341a5cb140541},
  journal = {CoRR},
  keywords = {dblp},
  timestamp = {2011-12-05T00:00:00.000+0100},
  title = {Incremental Learning with Accuracy Prediction of Social and Individual Properties from Mobile-Phone Data},
  url = {http://dblp.uni-trier.de/db/journals/corr/corr1111.html\#abs-1111-4645},
  volume = {abs/1111.4645},
  year = 2011
}


@article{aharony2011theSocialFMRI,
  title={Social fMRI: Investigating and shaping social mechanisms in the real world},
  author={Aharony, Nadav and Pan, Wei and Ip, Cory and Khayal, Inas and Pentland, Alex},
  journal={Pervasive and Mobile Computing},
  volume={7},
  number={6},
  pages={643--659},
  year={2011},
  publisher={Elsevier}
}
@article{barabasi2002linked,
  title={Linked: The New Science of Networks Perseus},
  author={Barabasi, Albert-Laszlo},
  journal={Cambridge Massachusetts},
  year={2002}
}
@inproceedings{zareh2007fica,
  title={{FICA: A fast intelligent crawling algorithm}},
  author={A. M. Zareh Bidoki and N. Yazdani and P. Ghodsnia},
  booktitle={Proceedings of the IEEE/WIC/ACM International Conference on Web Intelligence},
  pages={635--641},
  year={2007},
  organization={IEEE Computer Society}
}
@inproceedings{cai2008irobot,
  title={iRobot: An intelligent crawler for Web forums},
  author={Cai, Rui and Yang, Jiang-Ming and Lai, Wei and Wang, Yida and Zhang, Lei},
  booktitle={Proceedings of the 17th international conference on World Wide Web},
  pages={447--456},
  year={2008},
  organization={ACM}
}
@inproceedings{de1994searching,
  title={Searching for arbitrary information in the WWW: the fish-search for mosaic},
  author={De Bra, PME and Post, RDJ},
  booktitle={WWW},
  year={1994}
}
@article{hersovici1998shark,
  title={The shark-search algorithm. An application: tailored Web site mapping},
  author={Hersovici, Michael and Jacovi, Michal and Maarek, Yoelle S and Pelleg, Dan and Shtalhaim, Menachem and Ur, Sigalit},
  journal={Computer Networks and ISDN Systems},
  volume={30},
  number={1},
  pages={317--326},
  year={1998},
  publisher={Elsevier}
}
@inproceedings{chen2007improved,
  title={An improved shark-search algorithm based on multi-information},
  author={Chen, Zhumin and Ma, Jun and Lei, Jingsheng and Yuan, Bo and Lian, Li},
  booktitle={Fuzzy Systems and Knowledge Discovery, 2007. FSKD 2007. Fourth International Conference on},
  volume={4},
  pages={659--658},
  year={2007},
  organization={IEEE}
}
@inproceedings{bakhshandeh2011degrees,
  title={Degrees of separation in social networks},
  author={Bakhshandeh, Reza and Samadi, Mehdi and Azimifar, Zohreh and Schaeffer, Jonathan},
  booktitle={Fourth Annual Symposium on Combinatorial Search},
  year={2011}
}
@inproceedings{stern2010searchingAAMAS,
  author = {Stern, Roni and Kalech, Meir and Felner, Ariel},
  booktitle = {AAMAS},
  interhash = {9338b49b3f494238a7b520dcf720e879},
  intrahash = {4e3402ba0520c8481138635bd6667e73},
  pages = {1391-1392},
  title = {Searching for a k-clique in unknown graphs},
  year = 2010
}
@inproceedings{stern2010searchingForSOCS,
  author = {Stern, Roni and Kalech, Meir and Felner, Ariel},
  booktitle = {SOCS},
  interhash = {9338b49b3f494238a7b520dcf720e879},
  intrahash = {90a75b1291b86a8037673d32ee89d379},
  title = {Searching for a k-Clique in Unknown Graphs},
  year = 2010
}
@inproceedings{felner2002pha,
  title={PHA*: Performing A* in unknown physical environments},
  author={Felner, Ariel and Stern, Roni and Kraus, Sarit},
  booktitle={Proceedings of the first international joint conference on Autonomous agents and multiagent systems: part 1},
  pages={240--247},
  year={2002},
  organization={ACM}
}


@inproceedings{wang2010focused,
  title={A focused crawler based on naive bayes classifier},
  author={Wang, Wenxian and Chen, Xingshu and Zou, Yongbin and Wang, Haizhou and Dai, Zongkun},
  booktitle={Intelligent Information Technology and Security Informatics (IITSI), 2010 Third International Symposium on},
  pages={517--521},
  year={2010},
  organization={IEEE}
}


@article{chakrabarti1999focused,
  title={Focused crawling: a new approach to topic-specific Web resource discovery},
  author={Chakrabarti, Soumen and Van den Berg, Martin and Dom, Byron},
  journal={Computer Networks},
  volume={31},
  number={11},
  pages={1623--1640},
  year={1999},
  publisher={Elsevier}
}

@article{cho1998efficient,
  title={Efficient crawling through URL ordering},
  author={Cho, Junghoo and Garcia-Molina, Hector and Page, Lawrence},
  year={1998},
  journal={Computer Networks and ISDN Systems}, 
  volume={30},
  pages={161--172}
}

@inproceedings{menczer2001evaluating,
  title={Evaluating topic-driven web crawlers},
  author={Menczer, Filippo and Pant, Gautam and Srinivasan, Padmini and Ruiz, Miguel E},
  booktitle={Proceedings of the 24th annual international ACM SIGIR conference on Research and development in information retrieval},
  pages={241--249},
  year={2001},
  organization={ACM}
}


@inproceedings{diligenti2000focused,
  title={Focused Crawling Using Context Graphs.},
  author={Diligenti, Michelangelo and Coetzee, Frans and Lawrence, Steve and Giles, C Lee and Gori, Marco and others},
  booktitle={VLDB},
  pages={527--534},
  year={2000}
}

@article{almpanidis2007combining,
  title={Combining text and link analysis for focused crawling—An application for vertical search engines},
  author={Almpanidis, George and Kotropoulos, Constantine and Pitas, Ioannis},
  journal={Information Systems},
  volume={32},
  number={6},
  pages={886--908},
  year={2007},
  publisher={Elsevier}
}


@inproceedings{ermakova2018web,
  title={Web Tracking -- A Literature Review on the State of Research},
  author={Ermakova, Tatiana and Fabian, Benjamin and Bender, Benedict and Klimek, Kerstin},
  year={2018},
  booktitle={HICSS 51},
}

@article{bujlow2017survey,
  title={A survey on web tracking: Mechanisms, implications, and defenses},
  author={Bujlow, Tomasz and Carela-Espa{\~n}ol, Valent{\'\i}n and Sole-Pareta, Josep and Barlet-Ros, Pere},
  journal={Proceedings of the IEEE},
  volume={105},
  number={8},
  pages={1476--1510},
  year={2017},
  publisher={IEEE}
}

@article{arora2017threats,
  title={Threats to Security and Privacy of Information Due to Growing Use of Social Media in India},
  author={Arora, Amishi and Mendhekar, Amlesh},
  journal={Asian Journal of Managerial Science},
  volume={6},
  number={2},
  pages={42--49},
  year={2017}
}

@inproceedings{li2017adaptive,
  title={Adaptive Reconnaissance Attacks with Near-Optimal Parallel Batching},
  author={Li, Xiang and Smith, J David and Thai, My T},
  booktitle={Distributed Computing Systems (ICDCS), 2017 IEEE 37th International Conference on},
  pages={699--709},
  year={2017},
  organization={IEEE}
}


@inproceedings{li2016privacy,
  title={Privacy issues in light of reconnaissance attacks with incomplete information},
  author={Li, Xiang and Smith, J David and Dinh, Thang N and Thai, My T},
  booktitle={IEEE/WIC/ACM International Conference on Web Intelligence (WI)},
  pages={311--318},
  year={2016}
}