@InProceedings{ResNet,
author = {He, Kaiming and Zhang, Xiangyu and Ren, Shaoqing and Sun, Jian},
title = {Deep Residual Learning for Image Recognition},
booktitle = {Proceedings of the IEEE Conference on Computer Vision and Pattern Recognition (CVPR)},
month = {June},
year = {2016}
}
@inproceedings{Transformer,
	title = {Attention is {All} you {Need}},
	volume = {30},
	booktitle = {Advances in {Neural} {Information} {Processing} {Systems}},
	publisher = {Curran Associates, Inc.},
	author = {Vaswani, Ashish and others},
	year = {2017}
}
@inproceedings{VGG,
 author = {Simonyan, Karen and Zisserman, Andrew},
 booktitle = {International Conference on Learning Representations (ICLR)},
 title = {Very Deep Convolutional Networks for Large-Scale Image Recognition},
 year = {2015}
}

@InProceedings{BN,
  title = 	 {Batch Normalization: Accelerating Deep Network Training by Reducing Internal Covariate Shift},
  author = 	 {Ioffe, Sergey and Szegedy, Christian},
  booktitle = 	 {Proceedings of the 32nd International Conference on Machine Learning},
  pages = 	 {448--456},
  year = 	 {2015},
  volume = 	 {37},
  month = 	 {07--09 Jul},
  publisher =    {PMLR}
}

@article{tdBN_2021,
	title = {Going {Deeper} {With} {Directly}-{Trained} {Larger} {Spiking} {Neural} {Networks}},
	volume = {35},
	language = {en},
	number = {12},
	urldate = {2023-02-17},
	journal = {Proceedings of the AAAI Conference on Artificial Intelligence},
	author = {Zheng, Hanle and Wu, Yujie and Deng, Lei and Hu, Yifan and Li, Guoqi},
	month = may,
	year = {2021},
	pages = {11062--11070},
}

@article{feldmann_all-optical_2019,
	title = {All-optical spiking neurosynaptic networks with self-learning capabilities},
	volume = {569},
	language = {en},
	number = {7755},
	urldate = {2022-11-15},
	journal = {Nature},
	author = {Feldmann, J. and Youngblood, N. and Wright, C. D. and Bhaskaran, H. and Pernice, W. H. P.},
	month = may,
	year = {2019},
	pages = {208--214}
}

@article{roy2019towards,
  title={Towards spike-based machine intelligence with neuromorphic computing},
  author={Roy, Kaushik and Jaiswal, Akhilesh and Panda, Priyadarshini},
  journal={Nature},
  volume={575},
  number={7784},
  pages={607--617},
  year={2019},
  publisher={Nature Publishing Group UK London}
}

@article{DENG2020294,
title = {Rethinking the performance comparison between SNNS and ANNS},
journal = {Neural Networks},
volume = {121},
pages = {294-307},
year = {2020},
author = {Lei Deng and others},
}
@article{MAASS19971659,
title = {Networks of spiking neurons: The third generation of neural network models},
journal = {Neural Networks},
volume = {10},
number = {9},
pages = {1659-1671},
year = {1997},
author = {Wolfgang Maass}
}

@ARTICLE{4444573,
  author={Lichtsteiner, Patrick and Posch, Christoph and Delbruck, Tobi},
  journal={IEEE Journal of Solid-State Circuits}, 
  title={A 128$\times$ 128 120 dB 15 $\mu$s Latency Asynchronous Temporal Contrast Vision Sensor}, 
  year={2008},
  volume={43},
  number={2},
  pages={566-576},}
  
@article{silver2017mastering,
  title={Mastering the game of go without human knowledge},
  author={Silver, David and others},
  journal={Nature},
  volume={550},
  number={7676},
  pages={354--359},
  year={2017},
  publisher={Nature Publishing Group}
}

@inproceedings{delbruck2008frame,
  title={Frame-free dynamic digital vision},
  author={Delbruck, Tobi},
  booktitle={Proceedings of Intl. Symp. on Secure-Life Electronics, Advanced Electronics for Quality Life and Society},
  volume={1},
  pages={21--26},
  year={2008},
  organization={Citeseer}
}

@article{yang2015dynamic,
  title={A dynamic vision sensor with 1\% temporal contrast sensitivity and in-pixel asynchronous delta modulator for event encoding},
  author={Yang, Minhao and Liu, Shih-Chii and Delbruck, Tobi},
  journal={IEEE Journal of Solid-State Circuits},
  volume={50},
  number={9},
  pages={2149--2160},
  year={2015},
  publisher={IEEE}
}

@InProceedings{Zhu_2022_CVPR,
    author    = {Zhu, Lin and Wang, Xiao and Chang, Yi and Li, Jianing and Huang, Tiejun and Tian, Yonghong},
    title     = {Event-Based Video Reconstruction via Potential-Assisted Spiking Neural Network},
    booktitle = {Proceedings of the IEEE/CVF Conference on Computer Vision and Pattern Recognition (CVPR)},
    month     = {June},
    year      = {2022},
    pages     = {3594-3604}
}

@article{bp_learning,
	title = {Learning representations by back-propagating errors},
    volume = {323},
	language = {en},
    journal = {Nature},
	author = {Rumelhart, David E and Hintont, Geoffrey E and Williams, Ronald J},
	year = {1986},
	pages = {533-536},

}

@article{stdp_1,
	title = {Pattern recognition computation using action potential timing for stimulus representation},
	volume = {376},
	language = {en},
    journal = {Nature},
	author = {J. J. Hopfield},
	year = {1995},
	pages = {33-36},
}
@article{stdp_2,
title = {STDP-based spiking deep convolutional neural networks for object recognition},
journal = {Neural Networks},
volume = {99},
pages = {56-67},
year = {2018},
author = {Saeed Reza Kheradpisheh and Mohammad Ganjtabesh and Simon J. Thorpe and Timothée Masquelier},
}

@inproceedings{ponghiran_spiking_2022,
	title = {Spiking {Neural} {Networks} with {Improved} {Inherent} {Recurrence} {Dynamics} for {Sequential} {Learning}},
	copyright = {Copyright (c) 2022 Association for the Advancement of Artificial Intelligence},
	language = {en},
	urldate = {2023-02-06},
	booktitle = {Proceedings of the {AAAI} {Conference} on {Artificial} {Intelligence}},
	author = {Ponghiran, Wachirawit and Roy, Kaushik},
    month = {jun},
	year = {2022},
	pages = {8001--8008}
}

@ARTICLE{STBP,
AUTHOR={Wu, Yujie and Deng, Lei and Li, Guoqi and Zhu, Jun and Shi, Luping},   
TITLE={Spatio-Temporal Backpropagation for Training High-Performance Spiking Neural Networks}, 
JOURNAL={Frontiers in Neuroscience},      
VOLUME={12},           
YEAR={2018},       
}

@ARTICLE{10.3389/fncir.2020.615626,
AUTHOR={Cavanagh, Sean E. and Hunt, Laurence T. and Kennerley, Steven W.},   
TITLE={A Diversity of Intrinsic Timescales Underlie Neural Computations},      
JOURNAL={Frontiers in Neural Circuits},      
VOLUME={14},           
YEAR={2020},
}

@InProceedings{PLIF,
    author    = {Fang, Wei and Yu, Zhaofei and Chen, Yanqi and Masquelier, Timoth\'ee and Huang, Tiejun and Tian, Yonghong},
    title     = {Incorporating Learnable Membrane Time Constant To Enhance Learning of Spiking Neural Networks},
    booktitle = {Proceedings of the IEEE/CVF International Conference on Computer Vision (ICCV)},
    month     = {October},
    year      = {2021},
    pages     = {2661-2671}
}
@ARTICLE{10.3389/fnins.2017.00682,
AUTHOR={Rueckauer, Bodo and Lungu, Iulia-Alexandra and Hu, Yuhuang and Pfeiffer, Michael and Liu, Shih-Chii},    
TITLE={Conversion of Continuous-Valued Deep Networks to Efficient Event-Driven Networks for Image Classification},      
JOURNAL={Frontiers in Neuroscience},      
VOLUME={11},           
YEAR={2017},       
}

@inProceedings{MLF,
	title = {Multi-{Level} {Firing} with {Spiking} {DS}-{ResNet}: {Enabling} {Better} and {Deeper} {Directly}-{Trained} {Spiking} {Neural} {Networks}},
	booktitle = {IJCAI},
	publisher = {International Joint Conferences on Artificial Intelligence Organization},
	author = {Feng, Lang and Liu, Qianhui and Tang, Huajin and Ma, De and Pan, Gang},
    month = {jul},
	year = {2022},
	pages = {2471--2477}
}

@inproceedings{snm_2022,
	title = {Signed {Neuron} with {Memory}: {Towards} {Simple}, {Accurate} and {High}-{Efficient} {ANN}-{SNN} {Conversion}},
	shorttitle = {Signed {Neuron} with {Memory}},
	language = {en},
	urldate = {2022-11-15},
	booktitle = {IJCAI},
	publisher = {International Joint Conferences on Artificial Intelligence Organization},
	author = {Wang, Yuchen and Zhang, Malu and Chen, Yi and Qu, Hong},
	month = jul,
	year = {2022},
	pages = {2501--2508}
}

@inproceedings{
bu2022optimal,
title={Optimal {ANN}-{SNN} Conversion for High-accuracy and Ultra-low-latency Spiking Neural Networks},
author={Tong Bu and Wei Fang and Jianhao Ding and PENGLIN DAI and Zhaofei Yu and Tiejun Huang},
booktitle={International Conference on Learning Representations},
year={2022},
}

@article{BackEISNN,
title = {BackEISNN: A deep spiking neural network with adaptive self-feedback and balanced excitatory–inhibitory neurons},
journal = {Neural Networks},
volume = {154},
pages = {68-77},
year = {2022},
author = {Dongcheng Zhao and Yi Zeng and Yang Li}
}

@incollection{real_spike_2022,
	title = {Real {Spike}: {Learning} {Real}-{Valued} {Spikes} for {Spiking} {Neural} {Networks}},
	volume = {13672},
	language = {en},
	urldate = {2022-11-15},
	booktitle = {Computer {Vision} – {ECCV} 2022},
	publisher = {Springer Nature Switzerland},
	author = {Guo, Yufei and others},
	year = {2022},
	pages = {52--68}
}

@article{zuo2020spiking,
  title={A spiking neural network with probability information transmission},
  author={Zuo, Lin and Chen, Yi and Zhang, Lei and Chen, Changle},
  journal={Neurocomputing},
  volume={408},
  pages={1--12},
  year={2020},
  publisher={Elsevier}
}

@article{cao_spiking_2015,
	title = {Spiking {Deep} {Convolutional} {Neural} {Networks} for {Energy}-{Efficient} {Object} {Recognition}},
	volume = {113},
	language = {en},
	number = {1},
	urldate = {2023-02-17},
	journal = {International Journal of Computer Vision},
	author = {Cao, Yongqiang and Chen, Yang and Khosla, Deepak},
	month = may,
	year = {2015},
	pages = {54--66}
}


@InProceedings{free_lunch,
  title = 	 {A Free Lunch From ANN: Towards Efficient, Accurate Spiking Neural Networks Calibration},
  author =  {Li, Yuhang and Deng, Shikuang and Dong, Xin and Gong, Ruihao and Gu, Shi},
  booktitle = {Proceedings of the 38th International Conference on Machine Learning},
  pages = 	 {6316--6325},
  year = 	 {2021},
  volume = 	 {139},
  series = 	 {Proceedings of Machine Learning Research},
  month = 	 {18--24 Jul},
  publisher =    {PMLR}
}

@article{hhmodel_1952,
	title = {A quantitative description of membrane current and its application to conduction and excitation in nerve},
	volume = {117},
	language = {en},
	number = {4},
	urldate = {2023-02-17},
	journal = {The Journal of Physiology},
	author = {Hodgkin, A. L. and Huxley, A. F.},
	month = aug,
	year = {1952},
	pmid = {12991237},
	pages = {500-544}
}

@article{neu_norm_2019,
	title = {Direct {Training} for {Spiking} {Neural} {Networks}: {Faster}, {Larger}, {Better}},
	volume = {33},
	language = {en},
	number = {01},
	urldate = {2023-02-17},
	journal = {Proceedings of the AAAI Conference on Artificial Intelligence},
	author = {Wu, Yujie and Deng, Lei and Li, Guoqi and Zhu, Jun and Xie, Yuan and Shi, Luping},
	month = jul,
	year = {2019},
	pages = {1311--1318}
}

@inproceedings{
GLIF,
title={{GLIF}: A Unified Gated Leaky Integrate-and-Fire Neuron for Spiking Neural Networks},
author={Xingting Yao and Fanrong Li and Zitao Mo and Jian Cheng},
booktitle={Advances in Neural Information Processing Systems},
editor={Alice H. Oh and Alekh Agarwal and Danielle Belgrave and Kyunghyun Cho},
year={2022}
}
@inproceedings{
ding2022biologically,
title={Biologically Inspired Dynamic Thresholds for Spiking Neural Networks},
author={Jianchuan Ding and others},
booktitle={Advances in Neural Information Processing Systems},
editor={Alice H. Oh and Alekh Agarwal and Danielle Belgrave and Kyunghyun Cho},
year={2022}
}
@article{CHENG2023217,
title = {Meta neurons improve spiking neural networks for efficient spatio-temporal learning},
journal = {Neurocomputing},
volume = {531},
pages = {217-225},
year = {2023},
author = {Xiang Cheng and Tielin Zhang and Shuncheng Jia and Bo Xu}
}

@INPROCEEDINGS{9746774,
  author={Chen, Yi and Zhang, Silin and Ren, Shiyu and Qu, Hong},
  booktitle={ICASSP 2022 - 2022 IEEE International Conference on Acoustics, Speech and Signal Processing (ICASSP)}, 
  title={Gradual Surrogate Gradient Learning in Deep Spiking Neural Networks}, 
  year={2022},
  volume={},
  number={},
  pages={8927-8931}}
  
@inproceedings{NEURIPS2022_010c5ba0,
 author = {Guo, Yufei and others},
 booktitle = {Advances in Neural Information Processing Systems},
 editor = {S. Koyejo and S. Mohamed and A. Agarwal and D. Belgrave and K. Cho and A. Oh},
 pages = {156--166},
 publisher = {Curran Associates, Inc.},
 title = {IM-Loss: Information Maximization Loss for Spiking Neural Networks},
 volume = {35},
 year = {2022}
}
  

@misc{
wang2023adaptive,
title={Adaptive Smoothing Gradient Learning for Spiking Neural Networks},
author={Ziming Wang and Runhao Jiang and Shuang Lian and Rui Yan and Huajin Tang},
year={2023},
url={https://openreview.net/forum?id=s5NL0rQ31zJ}
}

@inproceedings{LISNN,
author = {Cheng, Xiang and Hao, Yunzhe and Xu, Jiaming and Xu, Bo},
title = {LISNN: Improving Spiking Neural Networks with Lateral Interactions for Robust Object Recognition},
year = {2021},
isbn = {9780999241165},
booktitle = {Proceedings of the Twenty-Ninth International Joint Conference on Artificial Intelligence},
articleno = {211},
numpages = {7},
location = {Yokohama, Yokohama, Japan},
series = {IJCAI'20}
}

@misc{sun2023multicompartment,
      title={Multi-compartment Neuron and Population Encoding improved Spiking Neural Network for Deep Distributional Reinforcement Learning}, 
      author={Yinqian Sun and Yi Zeng and Feifei Zhao and Zhuoya Zhao},
      year={2023},
      eprint={2301.07275},
      archivePrefix={arXiv},
      primaryClass={cs.NE}
}
@article{WU2022184,
title = {Modeling learnable electrical synapse for high precision spatio-temporal recognition},
journal = {Neural Networks},
volume = {149},
pages = {184-194},
year = {2022},
author = {Zhenzhi Wu and others},
}

@inproceedings{
TET,
title={Temporal Efficient Training of Spiking Neural Network via Gradient Re-weighting},
author={Shikuang Deng and Yuhang Li and Shanghang Zhang and Shi Gu},
booktitle={International Conference on Learning Representations},
year={2022}
}

@InProceedings{Guo_2022_CVPR,
    author    = {Guo, Yufei and others},
    title     = {RecDis-SNN: Rectifying Membrane Potential Distribution for Directly Training Spiking Neural Networks},
    booktitle = {Proceedings of the IEEE/CVF Conference on Computer Vision and Pattern Recognition (CVPR)},
    month     = {June},
    year      = {2022},
    pages     = {326-335}
}

@ARTICLE{DIET-SNN,
  author={Rathi, Nitin and Roy, Kaushik},
  journal={IEEE Transactions on Neural Networks and Learning Systems}, 
  title={DIET-SNN: A Low-Latency Spiking Neural Network With Direct Input Encoding and Leakage and Threshold Optimization}, 
  year={2021},
  volume={},
  number={},
  pages={1-9}}
  
 @INPROCEEDINGS{9746792,
  author={Wang, Jiadong and Wu, Jibin and Zhang, Malu and Liu, Qi and Li, Haizhou},
  booktitle={ICASSP 2022 - 2022 IEEE International Conference on Acoustics, Speech and Signal Processing (ICASSP)}, 
  title={A Hybrid Learning Framework for Deep Spiking Neural Networks with One-Spike Temporal Coding}, 
  year={2022},
  volume={},
  number={},
  pages={8942-8946}}
  
 @misc{wang2023lossless,
      title={Towards Lossless ANN-SNN Conversion under Ultra-Low Latency with Dual-Phase Optimization}, 
      author={Ziming Wang and Shuang Lian and Yuhao Zhang and Xiaoxin Cui and Rui Yan and Huajin Tang},
      year={2023},
      eprint={2205.07473},
      archivePrefix={arXiv},
      primaryClass={cs.NE}
}

@INPROCEEDINGS{9746375,
  author={Narduzzi, Simon and Bigdeli, Siavash A. and Liu, Shih-Chii and Dunbar, L. Andrea},
  booktitle={ICASSP 2022 - 2022 IEEE International Conference on Acoustics, Speech and Signal Processing (ICASSP)}, 
  title={Optimizing The Consumption Of Spiking Neural Networks With Activity Regularization}, 
  year={2022},
  volume={},
  number={},
  pages={61-65}}
  
@inproceedings{
lv2023spiking,
title={Spiking Convolutional Neural Networks for Text Classification},
author={Changze Lv and Jianhan Xu and Xiaoqing Zheng},
booktitle={The Eleventh International Conference on Learning Representations },
year={2023}
}

@INPROCEEDINGS{10095052,
  author={Baltes, Marc and Abuhajar, Nidal and Yue, Ye and Smith, Charles D. and Liu, Jundong},
  booktitle={ICASSP 2023 - 2023 IEEE International Conference on Acoustics, Speech and Signal Processing (ICASSP)}, 
  title={Joint Ann-SNN Co-training for Object Localization and Image Segmentation}, 
  year={2023},
  volume={},
  number={},
  pages={1-5}}

@ARTICLE{CIFAR10-DVS,
AUTHOR={Li, Hongmin and Liu, Hanchao and Ji, Xiangyang and Li, Guoqi and Shi, Luping},   
TITLE={CIFAR10-DVS: An Event-Stream Dataset for Object Classification},     
JOURNAL={Frontiers in Neuroscience},      
VOLUME={11},           
YEAR={2017}}
}

@INPROCEEDINGS{DVS-Gesture,
  author={Amir, Arnon and others},
  booktitle={2017 IEEE Conference on Computer Vision and Pattern Recognition (CVPR)}, 
  title={A Low Power, Fully Event-Based Gesture Recognition System}, 
  year={2017},
  volume={},
  number={},
  pages={7388-7397}}
  
@misc{SEENN,
      title={SEENN: Towards Temporal Spiking Early-Exit Neural Networks}, 
      author={Yuhang Li and Tamar Geller and Youngeun Kim and Priyadarshini Panda},
      year={2023},
      eprint={2304.01230},
      archivePrefix={arXiv},
      primaryClass={cs.NE}
}

@misc{li2023unleashing,
      title={Unleashing the Potential of Spiking Neural Networks by Dynamic Confidence}, 
      author={Chen Li and Edward Jones and Steve Furber},
      year={2023},
      eprint={2303.10276},
      archivePrefix={arXiv},
      primaryClass={cs.CV}
}

@misc{kim2022exploring,
      title={Exploring Temporal Information Dynamics in Spiking Neural Networks}, 
      author={Youngeun Kim and Yuhang Li and Hyoungseob Park and Yeshwanth Venkatesha and Anna Hambitzer and Priyadarshini Panda},
      year={2022},
      eprint={2211.14406},
      archivePrefix={arXiv},
      primaryClass={cs.AI}
}
@inproceedings{TEBN,
 author = {Duan, Chaoteng and Ding, Jianhao and Chen, Shiyan and Yu, Zhaofei and Huang, Tiejun},
 booktitle = {Advances in Neural Information Processing Systems},
 editor = {S. Koyejo and S. Mohamed and A. Agarwal and D. Belgrave and K. Cho and A. Oh},
 pages = {34377--34390},
 publisher = {Curran Associates, Inc.},
 title = {Temporal Effective Batch Normalization in Spiking Neural Networks},
 volume = {35},
 year = {2022}
}

@inproceedings{SEWResNet,
 author = {Fang, Wei and Yu, Zhaofei and Chen, Yanqi and Huang, Tiejun and Masquelier, Timoth\'{e}e and Tian, Yonghong},
 booktitle = {Advances in Neural Information Processing Systems},
 editor = {M. Ranzato and A. Beygelzimer and Y. Dauphin and P.S. Liang and J. Wortman Vaughan},
 pages = {21056--21069},
 publisher = {Curran Associates, Inc.},
 title = {Deep Residual Learning in Spiking Neural Networks},
 volume = {34},
 year = {2021}
}

@INPROCEEDINGS{BranchyNet,
  author={Teerapittayanon, Surat and McDanel, Bradley and Kung, H.T.},
  booktitle={2016 23rd International Conference on Pattern Recognition (ICPR)}, 
  title={BranchyNet: Fast inference via early exiting from deep neural networks}, 
  year={2016},
  volume={},
  number={},
  pages={2464-2469},}
  
@ARTICLE{N-Caltech101,
AUTHOR={Orchard, Garrick and Jayawant, Ajinkya and Cohen, Gregory K. and Thakor, Nitish},   
TITLE={Converting Static Image Datasets to Spiking Neuromorphic Datasets Using Saccades},      
JOURNAL={Frontiers in Neuroscience},      
VOLUME={9},           
YEAR={2015}}}

@misc{SpikingJelly,
    title = {SpikingJelly},
    author = {Fang, Wei and Chen, Yanqi and Ding, Jianhao and Chen, Ding and Yu, Zhaofei and Zhou, Huihui and Tian, Yonghong and other contributors},
    year = {2020},
    howpublished = {\url{https://github.com/fangwei123456/spikingjelly}},
}

@misc{EventMix,
      title={EventMix: An Efficient Augmentation Strategy for Event-Based Data}, 
      author={Guobin Shen and Dongcheng Zhao and Yi Zeng},
      year={2022},
      eprint={2205.12054},
      archivePrefix={arXiv},
      primaryClass={cs.NE}
}

@InProceedings{NDA,
author="Li, Yuhang
and Kim, Youngeun
and Park, Hyoungseob
and Geller, Tamar
and Panda, Priyadarshini",
editor="Avidan, Shai
and Brostow, Gabriel
and Ciss{\'e}, Moustapha
and Farinella, Giovanni Maria
and Hassner, Tal",
title="Neuromorphic Data Augmentation for Training Spiking Neural Networks",
booktitle="Computer Vision -- ECCV 2022",
year="2022",
publisher="Springer Nature Switzerland",
address="Cham",
pages="631--649",
}

@misc{TCJA,
      title={TCJA-SNN: Temporal-Channel Joint Attention for Spiking Neural Networks}, 
      author={Rui-Jie Zhu and others},
      year={2022},
      eprint={2206.10177},
      archivePrefix={arXiv},
      primaryClass={cs.CV}
}

@misc{KD,
      title={Biologically inspired structure learning with reverse knowledge distillation for spiking neural networks}, 
      author={Qi Xu and others},
      year={2023},
      eprint={2304.09500},
      archivePrefix={arXiv},
      primaryClass={cs.NE}
}

@misc{TKS,
      title={Temporal Knowledge Sharing enable Spiking Neural Network Learning from Past and Future}, 
      author={Yiting Dong and Dongcheng Zhao and Yi Zeng},
      year={2023},
      eprint={2304.06540},
      archivePrefix={arXiv},
      primaryClass={cs.NE}
}

@misc{LIFB,
      title={Exploiting High Performance Spiking Neural Networks with Efficient Spiking Patterns}, 
      author={Guobin Shen and Dongcheng Zhao and Yi Zeng},
      year={2023},
      eprint={2301.12356},
      archivePrefix={arXiv},
      primaryClass={cs.NE}
}

@inproceedings{
Spikformer,
title={Spikformer: When Spiking Neural Network Meets Transformer },
author={Zhaokun Zhou and others},
booktitle={The Eleventh International Conference on Learning Representations },
year={2023},
}

@InProceedings{DSR,
    author    = {Meng, Qingyan and Xiao, Mingqing and Yan, Shen and Wang, Yisen and Lin, Zhouchen and Luo, Zhi-Quan},
    title     = {Training High-Performance Low-Latency Spiking Neural Networks by Differentiation on Spike Representation},
    booktitle = {Proceedings of the IEEE/CVF Conference on Computer Vision and Pattern Recognition (CVPR)},
    month     = {June},
    year      = {2022},
    pages     = {12444-12453}
}

@ARTICLE{10032591,
  author={Yao, Man and Zhao, Guangshe and Zhang, Hengyu and Hu, Yifan and Deng, Lei and Tian, Yonghong and others},
  journal={IEEE Transactions on Pattern Analysis and Machine Intelligence}, 
  title={Attention Spiking Neural Networks}, 
  year={2023},
  volume={},
  number={},
  pages={1-18},}
  
 @INPROCEEDINGS{BranchyNet,
  author={Teerapittayanon, Surat and McDanel, Bradley and Kung, H.T.},
  booktitle={2016 23rd International Conference on Pattern Recognition (ICPR)}, 
  title={BranchyNet: Fast inference via early exiting from deep neural networks}, 
  year={2016},
  pages={2464-2469}}
  
  @misc{SLSSNN,
      title={SLSSNN: High energy efficiency spike-train level spiking neural networks with spatio-temporal conversion}, 
      author={Changqing Xu and Yi Liu and Yintang Yang},
      year={2023},
      eprint={2307.07136},
      archivePrefix={arXiv},
      primaryClass={cs.NE}
}

@InProceedings{AutoSNN,
  title = 	 {{A}uto{SNN}: Towards Energy-Efficient Spiking Neural Networks},
  author =       {Na, Byunggook and Mok, Jisoo and Park, Seongsik and Lee, Dongjin and Choe, Hyeokjun and Yoon, Sungroh},
  booktitle = 	 {Proceedings of the 39th International Conference on Machine Learning},
  pages = 	 {16253--16269},
  year = 	 {2022},
  editor = 	 {Chaudhuri, Kamalika and Jegelka, Stefanie and Song, Le and Szepesvari, Csaba and Niu, Gang and Sabato, Sivan},
  volume = 	 {162},
  series = 	 {Proceedings of Machine Learning Research},
  month = 	 {17--23 Jul},
  publisher =    {PMLR},}
}

@misc{SLTT,
      title={Towards Memory- and Time-Efficient Backpropagation for Training Spiking Neural Networks}, 
      author={Qingyan Meng and Mingqing Xiao and Shen Yan and Yisen Wang and Zhouchen Lin and Zhi-Quan Luo},
      year={2023},
      eprint={2302.14311},
      archivePrefix={arXiv},
      primaryClass={cs.NE}
}

@InProceedings{Yao_2021_ICCV,
    author    = {Yao, Man and others},
    title     = {Temporal-Wise Attention Spiking Neural Networks for Event Streams Classification},
    booktitle = {ICCV},
    month     = {October},
    year      = {2021}
}

@InProceedings{SENet,
author = {Hu, Jie and Shen, Li and Sun, Gang},
title = {Squeeze-and-Excitation Networks},
booktitle = {CVPR},
month = {June},
year = {2018}
}

@ARTICLE{PALIF,
title = {An improved probabilistic spiking neural network with enhanced discriminative ability},
journal = {Knowledge-Based Systems},
volume = {280},
pages = {111024},
year = {2023},
author = {Yongqi Ding and Lin Zuo and Kunshan Yang and Zhongshu Chen and Jian Hu and Tangfan Xiahou}
}