@misc{orig_adam,
  doi = {10.48550/ARXIV.1412.6980},
  
  url = {https://arxiv.org/abs/1412.6980},
  
  author = {Kingma, Diederik P. and Ba, Jimmy},
  
  keywords = {Machine Learning (cs.LG), FOS: Computer and information sciences, FOS: Computer and information sciences},
  
  title = {Adam: A Method for Stochastic Optimization},
  
  publisher = {arXiv},
  
  year = {2014},
  
  copyright = {arXiv.org perpetual, non-exclusive license}
}

@inproceedings{dpsgd_paper,
	doi = {10.1145/2976749.2978318},
  
	url = {https://doi.org/10.1145%2F2976749.2978318},
  
	year = 2016,
	month = {oct},
  
	publisher = {{ACM}
},
  
	author = {Martin Abadi and Andy Chu and Ian Goodfellow and H. Brendan McMahan and Ilya Mironov and Kunal Talwar and Li Zhang},
  
	title = {Deep Learning with Differential Privacy},
  
	booktitle = {Proceedings of the 2016 {ACM} {SIGSAC} Conference on Computer and Communications Security}
}

@misc{li2021,
  doi = {10.48550/ARXIV.2110.05679},
  
  url = {https://arxiv.org/abs/2110.05679},
  
  author = {Li, Xuechen and Tramèr, Florian and Liang, Percy and Hashimoto, Tatsunori},
  
  keywords = {Machine Learning (cs.LG), Computation and Language (cs.CL), FOS: Computer and information sciences, FOS: Computer and information sciences},
  
  title = {Large Language Models Can Be Strong Differentially Private Learners},
  
  publisher = {arXiv},
  
  year = {2021},
  
  copyright = {Creative Commons Attribution 4.0 International}
}

@inproceedings{bowman-etal-2015-large,
    title = "A large annotated corpus for learning natural language inference",
    author = "Bowman, Samuel R.  and
      Angeli, Gabor  and
      Potts, Christopher  and
      Manning, Christopher D.",
    booktitle = "Proceedings of the 2015 Conference on Empirical Methods in Natural Language Processing",
    month = sep,
    year = "2015",
    address = "Lisbon, Portugal",
    publisher = "Association for Computational Linguistics",
    url = "https://aclanthology.org/D15-1075",
    doi = "10.18653/v1/D15-1075",
    pages = "632--642",
}

@TECHREPORT{cifar10_data,
            author={Alex Krizhevsky},
            title={Learning multiple layers of features from tiny images},
            institution={},
            year={2009}
}

@misc{bert_paper,
  doi = {10.48550/ARXIV.1810.04805},
  
  url = {https://arxiv.org/abs/1810.04805},
  
  author = {Devlin, Jacob and Chang, Ming-Wei and Lee, Kenton and Toutanova, Kristina},
  
  keywords = {Computation and Language (cs.CL), FOS: Computer and information sciences, FOS: Computer and information sciences},
  
  title = {BERT: Pre-training of Deep Bidirectional Transformers for Language Understanding},
  
  publisher = {arXiv},
  
  year = {2018},
  
  copyright = {arXiv.org perpetual, non-exclusive license}
}

@misc{Reddi2019,
  doi = {10.48550/ARXIV.1904.09237},
  
  url = {https://arxiv.org/abs/1904.09237},
  
  author = {Reddi, Sashank J. and Kale, Satyen and Kumar, Sanjiv},
  
  keywords = {Machine Learning (cs.LG), Optimization and Control (math.OC), Machine Learning (stat.ML), FOS: Computer and information sciences, FOS: Computer and information sciences, FOS: Mathematics, FOS: Mathematics},
  
  title = {On the Convergence of Adam and Beyond},
  
  publisher = {arXiv},
  
  year = {2019},
  
  copyright = {arXiv.org perpetual, non-exclusive license}
}

@misc{Li2022,
  doi = {10.48550/ARXIV.2212.00309},
  
  url = {https://arxiv.org/abs/2212.00309},
  
  author = {Li, Tian and Zaheer, Manzil and Liu, Ken Ziyu and Reddi, Sashank J. and McMahan, H. Brendan and Smith, Virginia},
  
  keywords = {Machine Learning (cs.LG), Cryptography and Security (cs.CR), FOS: Computer and information sciences, FOS: Computer and information sciences},
  
  title = {Differentially Private Adaptive Optimization with Delayed Preconditioners},
  
  publisher = {arXiv},
  
  year = {2022},
  
  copyright = {Creative Commons Attribution 4.0 International}
}

@inproceedings{kunstner2023heavytailed,
title={Heavy-tailed Noise Does Not Explain the Gap Between {SGD} and Adam, but Sign Descent Might},
author={Frederik Kunstner and Jacques Chen and Jonathan Wilder Lavington and Mark Schmidt},
booktitle={International Conference on Learning Representations},
year={2023},
}

@inproceedings{Mironov_2017,
	doi = {10.1109/csf.2017.11},
  
	url = {https://doi.org/10.1109%2Fcsf.2017.11},
  
	year = 2017,
	month = {aug},
  
	publisher = {{IEEE}
},
  
	author = {Ilya Mironov},
  
	title = {R{\'{e}}nyi Differential Privacy},
  
	booktitle = {2017 {IEEE} 30th Computer Security Foundations Symposium ({CSF})}
}

@misc{Mironov_2019,
  doi = {10.48550/ARXIV.1908.10530},
  
  url = {https://arxiv.org/abs/1908.10530},
  
  author = {Mironov, Ilya and Talwar, Kunal and Zhang, Li},
  
  keywords = {Machine Learning (cs.LG), Cryptography and Security (cs.CR), Machine Learning (stat.ML), FOS: Computer and information sciences, FOS: Computer and information sciences},
  
  title = {Rényi Differential Privacy of the Sampled Gaussian Mechanism},
  
  publisher = {arXiv},
  
  year = {2019},
  
  copyright = {arXiv.org perpetual, non-exclusive license}
}

@book{wainwright2019high,
  title={High-dimensional statistics: A non-asymptotic viewpoint},
  author={Wainwright, Martin J},
  year={2019},
  publisher={Cambridge university press}
}

@misc{balles2020dissecting,
      title={Dissecting Adam: The Sign, Magnitude and Variance of Stochastic Gradients}, 
      author={Lukas Balles and Philipp Hennig},
      year={2020},
      eprint={1705.07774},
      archivePrefix={arXiv},
      primaryClass={cs.LG}
}

% ref for sgd better than adam in CNNs
@misc{wilson2018marginal,
      title={The Marginal Value of Adaptive Gradient Methods in Machine Learning}, 
      author={Ashia C. Wilson and Rebecca Roelofs and Mitchell Stern and Nathan Srebro and Benjamin Recht},
      year={2018},
      eprint={1705.08292},
      archivePrefix={arXiv},
      primaryClass={stat.ML}
}

% ref for fine-tuned adam is always better than sgd
@misc{choi2020empirical,
      title={On Empirical Comparisons of Optimizers for Deep Learning}, 
      author={Dami Choi and Christopher J. Shallue and Zachary Nado and Jaehoon Lee and Chris J. Maddison and George E. Dahl},
      year={2020},
      eprint={1910.05446},
      archivePrefix={arXiv},
      primaryClass={cs.LG}
}

@inproceedings{abadi2016deep,
  title={Deep learning with differential privacy},
  author={Abadi, Martin and Chu, Andy and Goodfellow, Ian and McMahan, H Brendan and Mironov, Ilya and Talwar, Kunal and Zhang, Li},
  booktitle={Proceedings of the 2016 ACM SIGSAC conference on computer and communications security},
  year={2016}
}


@inproceedings{dwork2006calibrating,
  title={Calibrating noise to sensitivity in private data analysis},
  author={Dwork, Cynthia and McSherry, Frank and Nissim, Kobbi and Smith, Adam},
  booktitle={Theory of Cryptography Conference},
  year={2006}
}

@article{wasserman2010statistical,
  title={A statistical framework for differential privacy},
  author={Wasserman, Larry and Zhou, Shuheng},
  journal={Journal of the American Statistical Association},
  year={2010},
}


@inproceedings{carlini2019secret,
  title={The Secret Sharer: Evaluating and Testing Unintended Memorization in Neural Networks.},
  author={Carlini, Nicholas and Liu, Chang and Erlingsson, {\'U}lfar and Kos, Jernej and Song, Dawn},
  booktitle={USENIX Security Symposium},
  year={2019}
}

@inproceedings{carlini2021extracting,
  title={Extracting Training Data from Large Language Models.},
  author={Carlini, Nicholas and Tramer, Florian and Wallace, Eric and Jagielski, Matthew and Herbert-Voss, Ariel and Lee, Katherine and Roberts, Adam and Brown, Tom B and Song, Dawn and Erlingsson, Ulfar and others},
  booktitle={USENIX Security Symposium},
  year={2021}
}

@inproceedings{carlini2022membership,
  title={Membership inference attacks from first principles},
  author={Carlini, Nicholas and Chien, Steve and Nasr, Milad and Song, Shuang and Terzis, Andreas and Tramer, Florian},
  booktitle={2022 IEEE Symposium on Security and Privacy (SP)},
  year={2022},
}

@inproceedings{balle2022reconstructing,
  title={Reconstructing training data with informed adversaries},
  author={Balle, Borja and Cherubin, Giovanni and Hayes, Jamie},
  booktitle={2022 IEEE Symposium on Security and Privacy (SP)},
  year={2022},
}

@article{daigavane2022nodelevel,
  title={Node-level differentially private graph neural networks},
  author={Daigavane, Ameya and Madan, Gagan and Sinha, Aditya and Thakurta, Abhradeep Guha and Aggarwal, Gaurav and Jain, Prateek},
  journal={arXiv preprint arXiv:2111.15521},
  year={2021}
}

@misc{hu2021open,
      title={Open Graph Benchmark: Datasets for Machine Learning on Graphs}, 
      author={Weihua Hu and Matthias Fey and Marinka Zitnik and Yuxiao Dong and Hongyu Ren and Bowen Liu and Michele Catasta and Jure Leskovec},
      year={2021},
      eprint={2005.00687},
      archivePrefix={arXiv},
      primaryClass={cs.LG}
}

@software{deepmind2020jax,
  title = {The {D}eep{M}ind {JAX} {E}cosystem},
  author = {Babuschkin, Igor and Baumli, Kate and Bell, Alison and Bhupatiraju, Surya and Bruce, Jake and Buchlovsky, Peter and Budden, David and Cai, Trevor and Clark, Aidan and Danihelka, Ivo and Dedieu, Antoine and Fantacci, Claudio and Godwin, Jonathan and Jones, Chris and Hemsley, Ross and Hennigan, Tom and Hessel, Matteo and Hou, Shaobo and Kapturowski, Steven and Keck, Thomas and Kemaev, Iurii and King, Michael and Kunesch, Markus and Martens, Lena and Merzic, Hamza and Mikulik, Vladimir and Norman, Tamara and Papamakarios, George and Quan, John and Ring, Roman and Ruiz, Francisco and Sanchez, Alvaro and Schneider, Rosalia and Sezener, Eren and Spencer, Stephen and Srinivasan, Srivatsan and Stokowiec, Wojciech and Wang, Luyu and Zhou, Guangyao and Viola, Fabio},
  url = {http://github.com/deepmind},
  year = {2020},
}

@incollection{pytorch,
title = {PyTorch: An Imperative Style, High-Performance Deep Learning Library},
author = {Paszke, Adam and Gross, Sam and Massa, Francisco and Lerer, Adam and Bradbury, James and Chanan, Gregory and Killeen, Trevor and Lin, Zeming and Gimelshein, Natalia and Antiga, Luca and Desmaison, Alban and Kopf, Andreas and Yang, Edward and DeVito, Zachary and Raison, Martin and Tejani, Alykhan and Chilamkurthy, Sasank and Steiner, Benoit and Fang, Lu and Bai, Junjie and Chintala, Soumith},
booktitle = {Advances in Neural Information Processing Systems 32},
pages = {8024--8035},
year = {2019},
publisher = {Curran Associates, Inc.},
url = {http://papers.neurips.cc/paper/9015-pytorch-an-imperative-style-high-performance-deep-learning-library.pdf}
}

@article{opacus,
  title={Opacus: {U}ser-Friendly Differential Privacy Library in {PyTorch}},
  author={Ashkan Yousefpour and Igor Shilov and Alexandre Sablayrolles and Davide Testuggine and Karthik Prasad and Mani Malek and John Nguyen and Sayan Ghosh and Akash Bharadwaj and Jessica Zhao and Graham Cormode and Ilya Mironov},
  journal={arXiv preprint arXiv:2109.12298},
  year={2021}
}

@misc{papernot2020tempered,
      title={Tempered Sigmoid Activations for Deep Learning with Differential Privacy}, 
      author={Nicolas Papernot and Abhradeep Thakurta and Shuang Song and Steve Chien and Úlfar Erlingsson},
      year={2020},
      eprint={2007.14191},
      archivePrefix={arXiv},
      primaryClass={stat.ML}
}

@misc{wang2019glue,
      title={GLUE: A Multi-Task Benchmark and Analysis Platform for Natural Language Understanding}, 
      author={Alex Wang and Amanpreet Singh and Julian Michael and Felix Hill and Omer Levy and Samuel R. Bowman},
      year={2019},
      eprint={1804.07461},
      archivePrefix={arXiv},
      primaryClass={cs.CL}
}

@misc{li2023dp2,
      title={Differentially Private Adaptive Optimization with Delayed Preconditioners}, 
      author={Tian Li and Manzil Zaheer and Ken Ziyu Liu and Sashank J. Reddi and H. Brendan McMahan and Virginia Smith},
      year={2023},
      eprint={2212.00309},
      archivePrefix={arXiv},
      primaryClass={cs.LG}
}

@misc{défossez2022simple,
      title={A Simple Convergence Proof of Adam and Adagrad}, 
      author={Alexandre Défossez and Léon Bottou and Francis Bach and Nicolas Usunier},
      year={2022},
      eprint={2003.02395},
      archivePrefix={arXiv},
      primaryClass={stat.ML}
}

@misc{lidp2,
      title={Differentially Private Adaptive Optimization with Delayed Preconditioners}, 
      author={Tian Li and Manzil Zaheer and Ken Ziyu Liu and Sashank J. Reddi and H. Brendan McMahan and Virginia Smith},
      year={2023},
      eprint={2212.00309},
      archivePrefix={arXiv},
      primaryClass={cs.LG}
}

@misc{tang2023dpadam,
      title={DP-Adam: Correcting DP Bias in Adam's Second Moment Estimation}, 
      author={Qiaoyue Tang and Mathias Lécuyer},
      year={2023},
      eprint={2304.11208},
      archivePrefix={arXiv},
      primaryClass={cs.LG}
}

@misc{mohapatra2021role,
      title={The Role of Adaptive Optimizers for Honest Private Hyperparameter Selection}, 
      author={Shubhankar Mohapatra and Sajin Sasy and Xi He and Gautam Kamath and Om Thakkar},
      year={2021},
      eprint={2111.04906},
      archivePrefix={arXiv},
      primaryClass={stat.ML}
}

@misc{tang2023dpadambc,
      title={DP-AdamBC: Your DP-Adam Is Actually DP-SGD (Unless You Apply Bias Correction)}, 
      author={Qiaoyue Tang and Frederick Shpilevskiy and Mathias Lécuyer},
      year={2023},
      archivePrefix={arXiv},
      primaryClass={cs.LG}
}