
@inproceedings{VDN,
  author    = {Peter Sunehag and
               Guy Lever and
               Audrunas Gruslys and
               Wojciech Marian Czarnecki and
               Vin{\'{\i}}cius Flores Zambaldi and
               Max Jaderberg and
               Marc Lanctot and
               Nicolas Sonnerat and
               Joel Z. Leibo and
               Karl Tuyls and
               Thore Graepel},
  title     = {Value-Decomposition Networks For Cooperative Multi-Agent Learning
               Based On Team Reward},
  booktitle = {{AAMAS}},
  year      = {2018},
  url       = {http://dl.acm.org/citation.cfm?id=3238080},
  timestamp = {Tue, 17 Jul 2018 07:35:44 +0200},
  biburl    = {https://dblp.org/rec/conf/atal/SunehagLGCZJLSL18.bib},
  bibsource = {dblp computer science bibliography, https://dblp.org}
}

@misc{balls_into_bins,
  author        = {Artur Czumaj},
  title         = {Lecture notes in Approximation and Randomized Algorithms},
  month         = {September},
  year          = {2004},
  howpublished = {\url{https://www.ic.unicamp.br/~celio/peer2peer/math/czumaj-balls-into-bins.pdf}}
}

@inproceedings{vdac,
  title={Value-decomposition multi-agent actor-critics},
  author={Su, Jianyu and Adams, Stephen and Beling, Peter},
  booktitle={AAAI},
  year={2021}
}

@inproceedings{QMIX,
  author    = {Tabish Rashid and
               Mikayel Samvelyan and
               Christian Schr{\"{o}}der de Witt and
               Gregory Farquhar and
               Jakob N. Foerster and
               Shimon Whiteson},

  title     = {{QMIX:} Monotonic Value Function Factorisation for Deep Multi-Agent
               Reinforcement Learning},
  booktitle = {{ICML}},
  year      = {2018},
  url       = {http://proceedings.mlr.press/v80/rashid18a.html},
  timestamp = {Wed, 03 Apr 2019 18:17:30 +0200},
  biburl    = {https://dblp.org/rec/conf/icml/RashidSWFFW18.bib},
  bibsource = {dblp computer science bibliography, https://dblp.org}
}

@inproceedings{WQMIX,
  author    = {Tabish Rashid and
               Gregory Farquhar and
               Bei Peng and
               Shimon Whiteson},
  title     = {Weighted {QMIX:} Expanding Monotonic Value Function Factorisation
               for Deep Multi-Agent Reinforcement Learning},
  booktitle = {NeuralIPS},
  year      = {2020},
  url       = {https://proceedings.neurips.cc/paper/2020/hash/73a427badebe0e32caa2e1fc7530b7f3-Abstract.html},
  timestamp = {Sun, 18 Dec 2022 19:02:44 +0100},
  biburl    = {https://dblp.org/rec/conf/nips/RashidFPW20.bib},
  bibsource = {dblp computer science bibliography, https://dblp.org}
}

@inproceedings{QTRAN,
  author    = {Kyunghwan Son and
               Daewoo Kim and
               Wan Ju Kang and
               David Hostallero and
               Yung Yi},
  title     = {{QTRAN:} Learning to Factorize with Transformation for Cooperative
               Multi-Agent Reinforcement Learning},
  booktitle = {ICML},
  year      = {2019},
  url       = {http://proceedings.mlr.press/v97/son19a.html},
  timestamp = {Wed, 24 Jul 2019 14:48:43 +0200},
  biburl    = {https://dblp.org/rec/conf/icml/SonKKHY19.bib},
  bibsource = {dblp computer science bibliography, https://dblp.org}
}

@article{qtran++,
  title={QTRAN++: improved value transformation for cooperative multi-agent reinforcement learning},
  author={Son, Kyunghwan and Ahn, Sungsoo and Reyes, Roben Delos and Shin, Jinwoo and Yi, Yung},
  journal={arXiv preprint arXiv:2006.12010},
  year={2020}
}
@inproceedings{QPLEX,
  author    = {Jianhao Wang and
               Zhizhou Ren and
               Terry Liu and
               Yang Yu and
               Chongjie Zhang},
  title     = {{QPLEX:} Duplex Dueling Multi-Agent Q-Learning},
  booktitle = {ICLR},
  year      = {2021},
  url       = {https://openreview.net/forum?id=Rcmk0xxIQV},
  timestamp = {Tue, 28 Dec 2021 14:37:03 +0100},
  biburl    = {https://dblp.org/rec/conf/iclr/WangRLYZ21.bib},
  bibsource = {dblp computer science bibliography, https://dblp.org}
}

@inproceedings{ResQ, 
author = {Siqi Shen and Mengwei Qiu and Jun Liu and Weiquan Liu and Yongquan Fu and Xinwang Liu and Cheng Wang}, 
title = {ResQ: A Residual Q Function-based Approach for Multi-Agent Reinforcement Learning Value Factorization}, 
booktitle = {{NeurIPS}}, 
year = {2022}}

@article{qatten,
  title={Qatten: A general framework for cooperative multiagent reinforcement learning},
  author={Yang, Yaodong and Hao, Jianye and Liao, Ben and Shao, Kun and Chen, Guangyong and Liu, Wulong and Tang, Hongyao},
  journal={arXiv preprint arXiv:2002.03939},
  year={2020}
}

@article{RQN,
  author    = {Rafael Pina and
               Varuna De Silva and
               Joosep Hook and
               Ahmet M. Kondoz},
  title     = {Residual Q-Networks for Value Function Factorizing in Multi-Agent
               Reinforcement Learning},
  journal   = {CoRR},
  volume    = {abs/2205.15245},
  year      = {2022},
  url       = {https://doi.org/10.48550/arXiv.2205.15245},
  doi       = {10.48550/arXiv.2205.15245},
  eprinttype = {arXiv},
  eprint    = {2205.15245},
  timestamp = {Wed, 01 Jun 2022 13:56:25 +0200},
  biburl    = {https://dblp.org/rec/journals/corr/abs-2205-15245.bib},
  bibsource = {dblp computer science bibliography, https://dblp.org}
}

@inproceedings{maven,
  title={Maven: Multi-agent variational exploration},
  author={Mahajan, Anuj and Rashid, Tabish and Samvelyan, Mikayel and Whiteson, Shimon},
  booktitle={NeuralIPS},
  year={2019}
}

@inproceedings{rmix,
  title={RMIX: Learning risk-sensitive policies for cooperative reinforcement learning agents},
  author={Qiu, Wei and Wang, Xinrun and Yu, Runsheng and Wang, Rundong and He, Xu and An, Bo and Obraztsova, Svetlana and Rabinovich, Zinovi},
  booktitle = {NeurIPS},
  year={2021}
}

@inproceedings{marl,
  title={Rethinking the implementation tricks and monotonicity constraint in cooperative multi-agent reinforcement learning},
  author={Hu, Jian and Jiang, Siyang and Harding, Seth Austin and Wu, Haibin and Liao, Shih-wei},
  booktitle={ICLR},
  year={2021}
}

@inproceedings{dfac,
  title={DFAC framework: Factorizing the value function via quantile mixture for multi-agent distributional Q-learning},
  author={Sun, Wei-Fang and Lee, Cheng-Kuang and Lee, Chun-Yi},
  booktitle={ICML},
  year={2021},
}
@inproceedings{CDS,
  author    = {Chenghao Li and
               Tonghan Wang and
               Chengjie Wu and
               Qianchuan Zhao and
               Jun Yang and
               Chongjie Zhang},
  title     = {Celebrating Diversity in Shared Multi-Agent Reinforcement Learning},
  booktitle = {{NeurIPS}},
  year      = {2021},
  url       = {https://proceedings.neurips.cc/paper/2021/hash/20aee3a5f4643755a79ee5f6a73050ac-Abstract.html},
  timestamp = {Tue, 03 May 2022 16:20:47 +0200},
  biburl    = {https://dblp.org/rec/conf/nips/LiWWZYZ21.bib},
  bibsource = {dblp computer science bibliography, https://dblp.org}
}

@inproceedings{comnet,
  author    = {Sainbayar Sukhbaatar and
               Arthur Szlam and
               Rob Fergus},
  title     = {Learning Multiagent Communication with Backpropagation},
  booktitle = {NeurIPS},
  year      = {2016},
  url       = {https://proceedings.neurips.cc/paper/2016/hash/55b1927fdafef39c48e5b73b5d61ea60-Abstract.html},
  timestamp = {Mon, 16 May 2022 15:41:51 +0200},
  biburl    = {https://dblp.org/rec/conf/nips/SukhbaatarSF16.bib},
  bibsource = {dblp computer science bibliography, https://dblp.org}
}


@inproceedings{dial,
  author    = {Jakob N. Foerster and
               Yannis M. Assael and
               Nando de Freitas and
               Shimon Whiteson},
  title     = {Learning to Communicate with Deep Multi-Agent Reinforcement Learning},
  booktitle = {NeurIPS},
  year      = {2016},
  url       = {https://proceedings.neurips.cc/paper/2016/hash/c7635bfd99248a2cdef8249ef7bfbef4-Abstract.html},
  timestamp = {Mon, 16 May 2022 15:41:51 +0200},
  biburl    = {https://dblp.org/rec/conf/nips/FoersterAFW16.bib},
  bibsource = {dblp computer science bibliography, https://dblp.org}
}

@inproceedings{graphcomm,
  author    = {Siqi Shen and
               Yongquan Fu and
               Huayou Su and
               Hengyue Pan and
               Peng Qiao and
               Yong Dou and
               Cheng Wang},
  title     = {Graphcomm: {A} Graph Neural Network Based Method for Multi-Agent Reinforcement
               Learning},
  booktitle = {ICASSP},
  year      = {2021},
  url       = {https://doi.org/10.1109/ICASSP39728.2021.9413716},
  doi       = {10.1109/ICASSP39728.2021.9413716},
  timestamp = {Thu, 07 Oct 2021 14:54:19 +0200},
  biburl    = {https://dblp.org/rec/conf/icassp/ShenFSPQDW21.bib},
  bibsource = {dblp computer science bibliography, https://dblp.org}
}


@inproceedings{dcg,
  author    = {Wendelin Boehmer and
               Vitaly Kurin and
               Shimon Whiteson},
  title     = {Deep Coordination Graphs},
  booktitle = {ICML},
  year      = {2020},
  url       = {http://proceedings.mlr.press/v119/boehmer20a.html},
  timestamp = {Tue, 15 Dec 2020 17:40:18 +0100},
  biburl    = {https://dblp.org/rec/conf/icml/BoehmerKW20.bib},
  bibsource = {dblp computer science bibliography, https://dblp.org}
}

@inproceedings{copa,
  author    = {Bo Liu and
               Qiang Liu and
               Peter Stone and
               Animesh Garg and
               Yuke Zhu and
               Anima Anandkumar},
  title     = {Coach-Player Multi-agent Reinforcement Learning for Dynamic Team Composition},
  booktitle = {ICML},
  year      = {2021},
  url       = {http://proceedings.mlr.press/v139/liu21m.html},
  timestamp = {Wed, 15 Feb 2023 13:35:46 +0100},
  biburl    = {https://dblp.org/rec/conf/icml/LiuLSGZA21.bib},
  bibsource = {dblp computer science bibliography, https://dblp.org}
}

@inproceedings{ndq,
  author    = {Tonghan Wang and
               Jianhao Wang and
               Chongyi Zheng and
               Chongjie Zhang},
  title     = {Learning Nearly Decomposable Value Functions Via Communication Minimization},
  booktitle = {ICLR},
  year      = {2020},
  url       = {https://openreview.net/forum?id=HJx-3grYDB},
  timestamp = {Thu, 07 May 2020 17:11:48 +0200},
  biburl    = {https://dblp.org/rec/conf/iclr/0001WZZ20.bib},
  bibsource = {dblp computer science bibliography, https://dblp.org}
}

@inproceedings{maddpg,
  author    = {Ryan Lowe and
               Yi Wu and
               Aviv Tamar and
               Jean Harb and
               Pieter Abbeel and
               Igor Mordatch},
  title     = {Multi-Agent Actor-Critic for Mixed Cooperative-Competitive Environments},
  booktitle = {NeuralIPS},
  year      = {2017},
  url       = {https://proceedings.neurips.cc/paper/2017/hash/68a9750337a418a86fe06c1991a1d64c-Abstract.html},
  timestamp = {Thu, 21 Jan 2021 15:15:21 +0100},
  biburl    = {https://dblp.org/rec/conf/nips/LoweWTHAM17.bib},
  bibsource = {dblp computer science bibliography, https://dblp.org}
}

@article{smac,
  title={The starcraft multi-agent challenge},
  author={Samvelyan, Mikayel and Rashid, Tabish and De Witt, Christian Schroeder and Farquhar, Gregory and Nardelli, Nantas and Rudner, Tim GJ and Hung, Chia-Man and Torr, Philip HS and Foerster, Jakob and Whiteson, Shimon},
  journal={arXiv preprint arXiv:1902.04043},
  year={2019}
}

@inproceedings{maac,
  author    = {Shariq Iqbal and
               Fei Sha},
  title     = {Actor-Attention-Critic for Multi-Agent Reinforcement Learning},
  booktitle = {ICML},
  year      = {2019},
  url       = {http://proceedings.mlr.press/v97/iqbal19a.html},
  timestamp = {Tue, 11 Jun 2019 15:37:38 +0200},
  biburl    = {https://dblp.org/rec/conf/icml/IqbalS19.bib},
  bibsource = {dblp computer science bibliography, https://dblp.org}
}

@inproceedings{coma,
  author    = {Jakob N. Foerster and
               Gregory Farquhar and
               Triantafyllos Afouras and
               Nantas Nardelli and
               Shimon Whiteson},
  title     = {Counterfactual Multi-Agent Policy Gradients},
  booktitle = {AAAI},
  year      = {2018},
  url       = {https://www.aaai.org/ocs/index.php/AAAI/AAAI18/paper/view/17193},
  timestamp = {Tue, 08 Mar 2022 21:46:35 +0100},
  biburl    = {https://dblp.org/rec/conf/aaai/FoersterFANW18.bib},
  bibsource = {dblp computer science bibliography, https://dblp.org}
}

@article{mappo,
  author    = {Chao Yu and
               Akash Velu and
               Eugene Vinitsky and
               Yu Wang and
               Alexandre M. Bayen and
               Yi Wu},
  title     = {The Surprising Effectiveness of {MAPPO} in Cooperative, Multi-Agent
               Games},
  journal   = {CoRR},
  volume    = {abs/2103.01955},
  year      = {2021},
  url       = {https://arxiv.org/abs/2103.01955},
  eprinttype = {arXiv},
  eprint    = {2103.01955},
  timestamp = {Wed, 18 Jan 2023 07:53:41 +0100},
  biburl    = {https://dblp.org/rec/journals/corr/abs-2103-01955.bib},
  bibsource = {dblp computer science bibliography, https://dblp.org}
}

@article{ppo,
  author    = {John Schulman and
               Filip Wolski and
               Prafulla Dhariwal and
               Alec Radford and
               Oleg Klimov},
  title     = {Proximal Policy Optimization Algorithms},
  journal   = {CoRR},
  volume    = {abs/1707.06347},
  year      = {2017},
  url       = {http://arxiv.org/abs/1707.06347},
  eprinttype = {arXiv},
  eprint    = {1707.06347},
  timestamp = {Mon, 13 Aug 2018 16:47:34 +0200},
  biburl    = {https://dblp.org/rec/journals/corr/SchulmanWDRK17.bib},
  bibsource = {dblp computer science bibliography, https://dblp.org}
}

@article{updet,
  title={UPDeT: Universal Multi-agent Reinforcement Learning via Policy Decoupling with Transformers},
  author={Hu, Siyi and Zhu, Fengda and Chang, Xiaojun and Liang, Xiaodan},
  journal={arXiv preprint arXiv:2101.08001},
  year={2021}
}

@inproceedings{refil,
  title={Randomized entity-wise factorization for multi-agent reinforcement learning},
  author={Iqbal, Shariq and De Witt, Christian A Schroeder and Peng, Bei and B{\"o}hmer, Wendelin and Whiteson, Shimon and Sha, Fei},
  booktitle={ICML},
  year={2021},
}

@article{hu2021riit,
  title={RIIT: Rethinking the Importance of Implementation Tricks in Multi-Agent Reinforcement Learning},
  author={Hu, Jian and Jiang, Siyang and Harding, Seth Austin and Wu, Haibin and Liao, Shih-wei},
  journal={arXiv preprint arXiv:2102.03479},
  year={2021}
}

@inproceedings{deep_coori_graph,
  title={Deep coordination graphs},
  author={B{\"o}hmer, Wendelin and Kurin, Vitaly and Whiteson, Shimon},
  booktitle={PMLR},
  year={2020}
}

@inproceedings{
dop,
title={DOP: Off-Policy Multi-Agent Decomposed Policy Gradients},
author={Yihan Wang and Beining Han and Tonghan Wang and Heng Dong and Chongjie Zhang},
booktitle =    {ICLR},
year={2021},
url={https://openreview.net/forum?id=6FqKiVAdI3Y}
}

@mastersthesis{concaveopt,
  title = {Minima of Functions of Several Variables with Inequalities as Side Conditions},
  author = {Karush, William},
  year = 1939,

  keywords = {math optimization},
  school = {Department of Mathematics, University of Chicago},
  timestamp = {2008-03-10T17:04:08.000+0100},
  
}

@book{convex_conjugate,
  TITLE = {Convex Analysis and Nonlinear Optimization: Theory and Examples},
  AUTHOR = {Borwein, Jonathan and Lewis, Adrian},
  YEAR = {2006},
  PUBLISHER = {Springer},
}

@book{convex_optimization,
  TITLE = {Convex Optimization},
  AUTHOR = {Boyd, Stephen and Vandenberghe, Lieven},
  YEAR = {2004},
  PUBLISHER = {Cambridge university press},
}

@InProceedings{fop,
  title = 	 {FOP: Factorizing Optimal Joint Policy of Maximum-Entropy Multi-Agent Reinforcement Learning},
  author =       {Zhang, Tianhao and Li, Yueheng and Wang, Chen and Xie, Guangming and Lu, Zongqing},
  year = 	 {2021},
  booktitle =    {ICML},
  
}


@inproceedings{qrelation,
  title={Qrelation: an Agent Relation-Based Approach for Multi-Agent Reinforcement Learning Value Function Factorization},
  author={Shen, Siqi and Liu, Jun and Qiu, Mengwei and Liu, Weiquan and Wang, Cheng and Fu, Yongquan and Wang, Qinglin and Qiao, Peng},
  booktitle={ICASSP},
  year={2022},
}

@inproceedings{pac,
 author = {Zhou, Hanhan and Lan, Tian and Aggarwal, Vaneet},
 booktitle = {NeurlIPS},
 title = {PAC: Assisted Value Factorization with Counterfactual Predictions in Multi-Agent Reinforcement Learning},
 year = {2022}
}

@inproceedings{mei2022mac,
  author = {Mei, Yongsheng and Zhou, Hanhan and Lan, Tian and Venkataramani, Guru and Wei, Peng},
  title = {MAC-PO: Multi-Agent Experience Replay via Collective Priority Optimization},
  year = {2023},
  publisher = {International Foundation for Autonomous Agents and Multiagent Systems},
  booktitle = {Proceedings of the 2023 International Conference on Autonomous Agents and Multiagent Systems},
  pages = {466–475},
  numpages = {10},
  series = {AAMAS '23}
}

@article{zhou2022value,
  author = {Zhou, Hanhan and Lan, Tian and Aggarwal, Vaneet},
  journal = {IEEE Transactions on Emerging Topics in Computational Intelligence},
  title = {Value Functions Factorization With Latent State Information Sharing in Decentralized Multi-Agent Policy Gradients},
  year = {2023},
  volume = {7},
  number = {5},
  pages = {1351-1361},
  publisher = {IEEE},
  doi = {10.1109/TETCI.2023.3293193}
}

@inproceedings{gogineni2023accmer,
  title={Accmer: Accelerating multi-agent experience replay with cache locality-aware prioritization},
  author={Gogineni, Kailash and Mei, Yongsheng and Lan, Tian and Wei, Peng and Venkataramani, Guru},
  booktitle={2023 IEEE 34th International Conference on Application-specific Systems, Architectures and Processors (ASAP)},
  pages={205--212},
  year={2023},
  organization={IEEE}
}

@inproceedings{model_different_rewards,
  author       = {Scott Proper and
                  Kagan Tumer},
  title        = {Modeling difference rewards for multiagent learning},
  booktitle    = {AAMAS},
  year         = {2012},
  url          = {http://dl.acm.org/citation.cfm?id=2344025},
  timestamp    = {Thu, 19 Mar 2015 17:49:02 +0100},
  biburl       = {https://dblp.org/rec/conf/aamas/ProperT12.bib},
  bibsource    = {dblp computer science bibliography, https://dblp.org}
}

@article{samvelyan2019starcraft,
  title={The starcraft multi-agent challenge},
  author={Samvelyan, Mikayel and Rashid, Tabish and De Witt, Christian Schroeder and Farquhar, Gregory and Nardelli, Nantas and Rudner, Tim GJ and Hung, Chia-Man and Torr, Philip HS and Foerster, Jakob and Whiteson, Shimon},
  journal={arXiv preprint arXiv:1902.04043},
  year={2019}
}

@inproceedings{NEURIPS2022_c40d1e40,
 author = {Chen, Jiayu and Chen, Jingdi and Lan, Tian and Aggarwal, Vaneet},
 booktitle = {Advances in Neural Information Processing Systems},
 pages = {30406--30418},
 publisher = {Curran Associates, Inc.},
 title = {Scalable Multi-agent Covering Option Discovery based on Kronecker Graphs},
 volume = {35},
 year = {2022}
}

@article{chen2023minimizing,
  title={Minimizing return gaps with discrete communications in decentralized pomdp},
  author={Chen, Jingdi and Lan, Tian},
  journal={arXiv preprint arXiv:2308.03358},
  year={2023}
}

@article{mei2023remix,
  title = {ReMIX: Regret Minimization for Monotonic Value Function Factorization in Multiagent Reinforcement Learning},
  author = {Mei, Yongsheng and Zhou, Hanhan and Lan, Tian},
  journal = {arXiv preprint arXiv:2302.05593},
  year = {2023}
}

@article{chen2022multi,
  title={Multi-agent covering option discovery based on kronecker product of factor graphs},
  author={Chen, Jiayu and Chen, Jingdi and Lan, Tian and Aggarwal, Vaneet},
  journal={IEEE Transactions on Artificial Intelligence},
  year={2022},
  publisher={IEEE}
}

