@article{gabow1978finding,
  title={Finding all spanning trees of directed and undirected graphs},
  author={Gabow, Harold N and Myers, Eugene W},
  journal={SIAM Journal on Computing},
  volume={7},
  number={3},
  pages={280--287},
  year={1978},
  publisher={SIAM}
}

@article{myung2003tutorial,
  title={Tutorial on maximum likelihood estimation},
  author={Myung, In Jae},
  journal={Journal of mathematical Psychology},
  volume={47},
  number={1},
  pages={90--100},
  year={2003},
  publisher={Elsevier}
}

@article{kumar2017temporally,
  title={Temporally agnostic rumor-source detection},
  author={Kumar, Ankit and Borkar, Vivek S and Karamchandani, Nikhil},
  journal={IEEE Transactions on Signal and Information Processing over Networks},
  volume={3},
  number={2},
  pages={316--329},
  year={2017},
  publisher={IEEE}
}


@article{anantharam1989proof,
  title={A proof of the Markov chain tree theorem},
  author={Anantharam, Venkat and Tsoucas, Pantelis},
  journal={Statistics \& Probability Letters},
  volume={8},
  number={2},
  pages={189--192},
  year={1989},
  publisher={Elsevier}
}

@inproceedings{kempe2003maximizing,
  title={Maximizing the spread of influence through a social network},
  author={Kempe, David and Kleinberg, Jon and Tardos, {\'E}va},
  booktitle={Proceedings of the ninth ACM SIGKDD international conference on Knowledge discovery and data mining},
  pages={137--146},
  year={2003},
  organization={ACM}
}

@inproceedings{lappas2010finding,
  title={Finding effectors in social networks},
  author={Lappas, Theodoros and Terzi, Evimaria and Gunopulos, Dimitrios and Mannila, Heikki},
  booktitle={Proceedings of the 16th ACM SIGKDD international conference on Knowledge discovery and data mining},
  pages={1059--1068},
  year={2010}
}

@inproceedings{shah2010detecting,
  title={Detecting sources of computer viruses in networks: theory and experiment},
  author={Shah, Devavrat and Zaman, Tauhid},
  booktitle={Proceedings of the ACM SIGMETRICS international conference on Measurement and modeling of computer systems},
  pages={203--214},
  year={2010}
}

@article{batabyal2006markov,
  title={Markov chains: Models, algorithms and applications},
  author={Batabyal, Amitrajeet A},
  journal={Interfaces},
  volume={36},
  number={6},
  pages={609},
  year={2006},
  publisher={Institute for Operations Research and the Management Sciences}
}


@article{shelke2019source,
  title={Source detection of rumor in social network--a review},
  author={Shelke, Sushila and Attar, Vahida},
  journal={Online Social Networks and Media},
  volume={9},
  pages={30--42},
  year={2019},
  publisher={Elsevier}
}

@inproceedings{zhang2017markov,
  title={A Markov chain monte Carlo approach for source detection in networks},
  author={Zhang, Le and Jin, Tianyuan and Xu, Tong and Chang, Biao and Wang, Zhefeng and Chen, Enhong},
  booktitle={Chinese National Conference on Social Media Processing},
  pages={77--88},
  year={2017},
  organization={Springer}
}

@article{shah2011rumors,
  title={Rumors in a network: Who's the culprit?},
  author={Shah, Devavrat and Zaman, Tauhid},
  journal={IEEE Transactions on information theory},
  volume={57},
  number={8},
  pages={5163--5181},
  year={2011},
  publisher={IEEE}
}

@article{zhai2015cascade,
  title={Cascade source inference in networks: a Markov chain Monte Carlo approach},
  author={Zhai, Xuming and Wu, Weili and Xu, Wen},
  journal={Computational social networks},
  volume={2},
  number={1},
  pages={1--17},
  year={2015},
  publisher={Springer}
}

@article{gomez2012inferring,
  title={Inferring networks of diffusion and influence},
  author={Gomez-Rodriguez, Manuel and Leskovec, Jure and Krause, Andreas},
  journal={ACM Transactions on Knowledge Discovery from Data (TKDD)},
  volume={5},
  number={4},
  pages={1--37},
  year={2012},
  publisher={ACM New York, NY, USA}
}

@article{tong2016effector,
  title={Effector detection in social networks},
  author={Tong, Guangmo Amo and Li, Shasha and Wu, Weili and Du, Ding-Zhu},
  journal={IEEE Transactions on Computational Social Systems},
  volume={3},
  number={4},
  pages={151--163},
  year={2016},
  publisher={IEEE}
}
@article{jiang2016identifying,
  title={Identifying propagation sources in networks: State-of-the-art and comparative studies},
  author={Jiang, Jiaojiao and Wen, Sheng and Yu, Shui and Xiang, Yang and Zhou, Wanlei},
  journal={IEEE Communications Surveys \& Tutorials},
  volume={19},
  number={1},
  pages={465--481},
  year={2016},
  publisher={IEEE}
}

@article{zhu2015source,
  title={Source localization in networks: Trees and beyond},
  author={Zhu, Kai and Ying, Lei},
  journal={arXiv preprint arXiv:1510.01814},
  year={2015}
}

@inproceedings{farajtabar2015back,
  title={Back to the past: Source identification in diffusion networks from partially observed cascades},
  author={Farajtabar, Mehrdad and Rodriguez, Manuel Gomez and Zamani, Mohammad and Du, Nan and Zha, Hongyuan and Song, Le},
  booktitle={Artificial Intelligence and Statistics},
  pages={232--240},
  year={2015},
  organization={PMLR}
}

@article{jin2021schemes,
  title={Schemes of propagation models and source estimators for rumor source detection in online social networks: A short survey of a decade of research},
  author={Jin, Rong and Wu, Weili},
  journal={Discrete Mathematics, Algorithms and Applications},
  pages={2130002},
  year={2021},
  publisher={World Scientific}
}

@article{leighton1986estimating,
  title={Estimating a probability using finite memory},
  author={Leighton, F and Rivest, Ronald},
  journal={IEEE Transactions on Information Theory},
  volume={32},
  number={6},
  pages={733--742},
  year={1986},
  publisher={IEEE}
}

@book{levin2017markov,
  title={Markov chains and mixing times},
  author={Levin, David A and Peres, Yuval},
  volume={107},
  year={2017},
  publisher={American Mathematical Soc.}
}