@misc{hillary,
	author = {Jeremy W. Peters and Yamiche Alcindor},
	title = {{Hillary Clinton} Struggles to Win Back Young Voters From Third Parties},
	howpublished = {https://www.nytimes.com/2016/09/29/us/politics/hillary-clinton-millennials-third-party.html},
	year      = {2016},
	note = {Accessed: 2017-08-31}
}

@article{DBLP:journals/siamcomp/HopcroftK73,
	author    = {John E. Hopcroft and
	Richard M. Karp},
	title     = {An n\({}^{\mbox{5/2}}\) Algorithm for Maximum Matchings in Bipartite
	Graphs},
	journal   = {{SIAM} J. Comput.},
	volume    = {2},
	number    = {4},
	pages     = {225--231},
	year      = {1973},
	url       = {https://doi.org/10.1137/0202019},
	doi       = {10.1137/0202019},
	timestamp = {Sat, 27 May 2017 14:22:59 +0200},
	biburl    = {http://dblp.uni-trier.de/rec/bib/journals/siamcomp/HopcroftK73},
	bibsource = {dblp computer science bibliography, http://dblp.org}
}
@inproceedings{DBLP:conf/atal/Faliszewski08,
	author    = {Piotr Faliszewski},
	title     = {Nonuniform bribery},
	booktitle = {{AAMAS} {(3)}},
	pages     = {1569--1572},
	publisher = {{IFAAMAS}},
	year      = {2008}
}
@inproceedings{DBLP:conf/sagt/ElkindFS09,
	author    = {Edith Elkind and
	Piotr Faliszewski and
	Arkadii M. Slinko},
	title     = {Swap Bribery},
	booktitle = {{SAGT}},
	series    = {Lecture Notes in Computer Science},
	volume    = {5814},
	pages     = {299--310},
	publisher = {Springer},
	year      = {2009}
}

@incollection{DBLP:reference/choice/FaliszewskiR16,
	author    = {Piotr Faliszewski and
	J{\"{o}}rg Rothe},
	editor    = {Felix Brandt and
	Vincent Conitzer and
	Ulle Endriss and
	J{\'{e}}r{\^{o}}me Lang and
	Ariel D. Procaccia},
	title     = {Control and Bribery in Voting},
	booktitle = {Handbook of Computational Social Choice},
	pages     = {146--168},
	publisher = {Cambridge University Press},
	year      = {2016},
	url       = {https://doi.org/10.1017/CBO9781107446984.008},
	doi       = {10.1017/CBO9781107446984.008},
	timestamp = {Wed, 12 Jul 2017 09:11:30 +0200},
	biburl    = {http://dblp.dagstuhl.de/rec/bib/reference/choice/FaliszewskiR16},
	bibsource = {dblp computer science bibliography, http://dblp.org}
}

@inproceedings{DBLP:conf/wine/ElkindF10,
	author    = {Edith Elkind and
	Piotr Faliszewski},
	title     = {Approximation Algorithms for Campaign Management},
	booktitle = {{WINE}},
	series    = {Lecture Notes in Computer Science},
	volume    = {6484},
	pages     = {473--482},
	publisher = {Springer},
	year      = {2010}
}

@inproceedings{DBLP:conf/aaai/BredereckFNT16,
	author    = {Robert Bredereck and
	Piotr Faliszewski and
	Rolf Niedermeier and
	Nimrod Talmon},
	title     = {Complexity of Shift Bribery in Committee Elections},
	booktitle = {{AAAI}},
	pages     = {2452--2458},
	publisher = {{AAAI} Press},
	year      = {2016}
}
@article{DBLP:journals/iandc/BredereckCFNN16,
	author    = {Robert Bredereck and
	Jiehua Chen and
	Piotr Faliszewski and
	Andr{\'{e}} Nichterlein and
	Rolf Niedermeier},
	title     = {Prices matter for the parameterized complexity of shift bribery},
	journal   = {Inf. Comput.},
	volume    = {251},
	pages     = {140--164},
	year      = {2016},
	url       = {https://doi.org/10.1016/j.ic.2016.08.003},
	doi       = {10.1016/j.ic.2016.08.003},
	timestamp = {Thu, 18 May 2017 09:54:16 +0200},
	biburl    = {http://dblp.uni-trier.de/rec/bib/journals/iandc/BredereckCFNN16},
	bibsource = {dblp computer science bibliography, http://dblp.org}
}

@article{DBLP:journals/corr/abs-1708-04862,
	author    = {Orgad Keller and
	Avinatan Hassidim and
	Noam Hazon},
	title     = {New Approximations for Coalitional Manipulation in General Scoring
	Rules},
	journal   = {CoRR},
	volume    = {abs/1708.04862},
	year      = {2017}
}


@inproceedings{DBLP:conf/atal/FaliszewskiST17,
	author    = {Piotr Faliszewski and
	Piotr Skowron and
	Nimrod Talmon},
	title     = {Bribery as a Measure of Candidate Success: Complexity Results for
	Approval-Based Multiwinner Rules},
	booktitle = {{AAMAS}},
	pages     = {6--14},
	publisher = {{ACM}},
	year      = {2017}
}

@article{DBLP:journals/jair/FaliszewskiHH09,
	author    = {Piotr Faliszewski and
	Edith Hemaspaandra and
	Lane A. Hemaspaandra},
	title     = {How Hard Is Bribery in Elections?},
	journal   = {J. Artif. Intell. Res.},
	volume    = {35},
	pages     = {485--532},
	year      = {2009},
	url       = {https://doi.org/10.1613/jair.2676},
	doi       = {10.1613/jair.2676},
	timestamp = {Wed, 21 Jun 2017 14:58:49 +0200},
	biburl    = {http://dblp.uni-trier.de/rec/bib/journals/jair/FaliszewskiHH09},
	bibsource = {dblp computer science bibliography, http://dblp.org}
}

@inproceedings{DBLP:conf/ecai/HemaspaandraS16,
	author    = {Edith Hemaspaandra and
	Henning Schnoor},
	title     = {Dichotomy for Pure Scoring Rules Under Manipulative Electoral Actions},
	booktitle = {{ECAI}},
	series    = {Frontiers in Artificial Intelligence and Applications},
	volume    = {285},
	pages     = {1071--1079},
	publisher = {{IOS} Press},
	year      = {2016}
}
@inproceedings{DBLP:conf/sigecom/XiaCP10,
	author    = {Lirong Xia and
	Vincent Conitzer and
	Ariel D. Procaccia},
	title     = {A scheduling approach to coalitional manipulation},
	booktitle = {{EC}},
	pages     = {275--284},
	publisher = {{ACM}},
	year      = {2010}
}
@book{konig2001theorie,
	title={Theorie der endlichen und unendlichen Graphen},
	author={K\H{o}nig, D\'enes},
	year={2001},
	publisher={American Mathematical Soc.}
}

@article{von1953certain,
	title={A certain zero-sum two-person game equivalent to the optimal assignment problem},
	author={von Neumann, John},
	journal={Contributions to the Theory of Games},
	volume={2},
	pages={5--12},
	year={1953}
}

@article{birkhoff1946tres,
	title={Tres observaciones sobre el algebra lineal},
	author={Birkhoff, Garrett},
	journal={Univ. Nac. Tucum{\'a}n Rev. Ser. A},
	volume={5},
	pages={147--151},
	year={1946}
}

@article{birkhoff1946three,
	title={Three observations on linear algebra},
	author={Birkhoff, Garrett},
	journal={Univ. Nac. Tucum{\'a}n. Revista A},
	volume={5},
	pages={147--151},
	year={1946}
}

@article{hall1935representatives,
	title={On representatives of subsets},
	author={Hall, Philip},
	journal={Journal of the London Mathematical Society},
	volume={1},
	number={1},
	pages={26--30},
	year={1935},
	publisher={Wiley Online Library}
}

@article{DBLP:journals/jcss/AngluinV79,
	author    = {Dana Angluin and
	Leslie G. Valiant},
	title     = {Fast Probabilistic Algorithms for Hamiltonian Circuits and Matchings},
	journal   = {J. Comput. Syst. Sci.},
	volume    = {18},
	number    = {2},
	pages     = {155--193},
	year      = {1979},
	url       = {https://doi.org/10.1016/0022-0000(79)90045-X},
	doi       = {10.1016/0022-0000(79)90045-X},
	timestamp = {Sat, 20 May 2017 00:25:52 +0200},
	biburl    = {http://dblp.uni-trier.de/rec/bib/journals/jcss/AngluinV79},
	bibsource = {dblp computer science bibliography, http://dblp.org}
}

@book{DBLP:books/daglib/0012859,
	author    = {Michael Mitzenmacher and
	Eli Upfal},
	title     = {Probability and computing - randomized algorithms and probabilistic
	analysis},
	publisher = {Cambridge University Press},
	year      = {2005},
	isbn      = {978-0-521-83540-4},
	timestamp = {Fri, 01 Apr 2011 13:41:29 +0200},
	biburl    = {http://dblp.uni-trier.de/rec/bib/books/daglib/0012859},
	bibsource = {dblp computer science bibliography, http://dblp.org}
}

@inproceedings{DBLP:conf/atal/KellerHH17,
	author    = {Orgad Keller and
	Avinatan Hassidim and
	Noam Hazon},
	title     = {New Approximation for {Borda} Coalitional Manipulation},
	booktitle = {{AAMAS}},
	pages     = {606--614},
	publisher = {{ACM}},
	year      = {2017}
}

@phdThesis{lin2012solving,
	title={Solving hard problems in election systems},
	author={Lin, Andrew Peter},
	year={2012},
	school={Rochester Institute of Technology}
}

@article{DBLP:journals/jair/ProcacciaR07,
	author    = {Ariel D. Procaccia and
	Jeffrey S. Rosenschein},
	title     = {Junta Distributions and the Average-Case Complexity of Manipulating
	Elections},
	journal   = {J. Artif. Intell. Res. {(JAIR)}},
	volume    = {28},
	pages     = {157--181},
	year      = {2007},
	url       = {http://dx.doi.org/10.1613/jair.2148},
	doi       = {10.1613/jair.2148},
	timestamp = {Fri, 11 Jun 2010 09:51:34 +0200},
	biburl    = {http://dblp.uni-trier.de/rec/bib/journals/jair/ProcacciaR07},
	bibsource = {dblp computer science bibliography, http://dblp.org}
}

@MastersThesis{karush1939minima,
	author     =     {Karush, William},
	title     =     {Minima of functions of several variables with inequalities as side conditions},
	school     =     {University of Chicago},
	year     =     {1939},
}

@inproceedings{sina2015adapting,
  title={Adapting the social network to affect elections},
  author={Sina, Sigal and Hazon, Noam and Hassidim, Avinatan and Kraus, Sarit},
  booktitle={Proceedings of the 2015 International Conference on Autonomous Agents and Multiagent Systems},
  pages={705--713},
  year={2015},
  organization={International Foundation for Autonomous Agents and Multiagent Systems}
}



@misc{glpk,
author={Makhorin, A.},
title={{GLPK}: {GNU} Linear Programming Kit, Version 4.61},
howpublished={www.gnu.org/software/glpk/glpk.html},
year={2017}	
}


@misc{cvxopt,
author={Martin S. Andersen and Joachim Dahl and Lieven Vandenberghe},
title = {{CVXOPT}: A {P}ython package for convex optimization, version 1.1.9},
howpublished = {cvxopt.org},
year    = {2016}
}

@book{schrijver1998theory,
	title={Theory of linear and integer programming},
	author={Schrijver, Alexander},
	year={1998},
	publisher={John Wiley \& Sons}
}

@inproceedings{DBLP:conf/ijcai/XiaZPCR09,
	author    = {Lirong Xia and
	Michael Zuckerman and
	Ariel D. Procaccia and
	Vincent Conitzer and
	Jeffrey S. Rosenschein},
	title     = {Complexity of Unweighted Coalitional Manipulation under Some Common
	Voting Rules},
	booktitle = {{IJCAI} 2009, Proceedings of the 21st International Joint Conference
	on Artificial Intelligence},
	pages     = {348--353},
	year      = {2009},
	url       = {http://ijcai.org/Proceedings/09/Papers/066.pdf},
	timestamp = {Wed, 20 Jul 2016 14:20:40 +0200},
	biburl    = {http://dblp.uni-trier.de/rec/bib/conf/ijcai/XiaZPCR09},
	bibsource = {dblp computer science bibliography, http://dblp.org}
}
@article{khachiyan1980polynomial,
	title={Polynomial algorithms in linear programming},
	author={Khachiyan, Leonid G},
	journal={USSR Computational Mathematics and Mathematical Physics},
	volume={20},
	number={1},
	pages={53--72},
	year={1980},
	publisher={Elsevier}
}

@article{DBLP:journals/combinatorica/GrotschelLS81,
	author    = {Martin Gr{\"{o}}tschel and
	L{\'{a}}szl{\'{o}} Lov{\'{a}}sz and
	Alexander Schrijver},
	title     = {The ellipsoid method and its consequences in combinatorial optimization},
	journal   = {Combinatorica},
	volume    = {1},
	number    = {2},
	pages     = {169--197},
	year      = {1981},
	url       = {http://dx.doi.org/10.1007/BF02579273},
	doi       = {10.1007/BF02579273},
	timestamp = {Fri, 20 May 2011 14:39:42 +0200},
	biburl    = {http://dblp.uni-trier.de/rec/bib/journals/combinatorica/GrotschelLS81},
	bibsource = {dblp computer science bibliography, http://dblp.org}
}

@article{DBLP:journals/combinatorica/Karmarkar84,
	author    = {Narendra Karmarkar},
	title     = {A new polynomial-time algorithm for linear programming},
	journal   = {Combinatorica},
	volume    = {4},
	number    = {4},
	pages     = {373--396},
	year      = {1984}
}

@article{bartholdi1989computational,
	title={The computational difficulty of manipulating an election},
	author={Bartholdi III, John J and Tovey, Craig A and Trick, Michael A},
	journal={Social Choice and Welfare},
	volume={6},
	number={3},
	pages={227--241},
	year={1989},
	publisher={Springer}
}


@inproceedings{DBLP:conf/ijcai/EphratiR93,
	author    = {Eithan Ephrati and
	Jeffrey S. Rosenschein},
	title     = {Multi-Agent Planning as a Dynamic Search for Social Consensus},
	booktitle = {Proceedings of the 13th International Joint Conference on Artificial
	Intelligence},
	pages     = {423--431},
	year      = {1993},
	url       = {http://ijcai.org/Proceedings/93-1/Papers/060.pdf},
	timestamp = {Tue, 19 Jul 2016 14:12:43 +0200},
	biburl    = {http://dblp.uni-trier.de/rec/bib/conf/ijcai/EphratiR93},
	bibsource = {dblp computer science bibliography, http://dblp.org}
}


@article{DBLP:journals/ai/DaviesKNWX14,
  author    = {Jessica Davies and
               George Katsirelos and
               Nina Narodytska and
               Toby Walsh and
               Lirong Xia},
  title     = {Complexity of and algorithms for the manipulation of {Borda}, {Nanson}'s
               and {Baldwin}'s voting rules},
  journal   = {Artificial Intelligence},
  volume    = {217},
  pages     = {20--42},
  year      = {2014},
  url       = {http://dx.doi.org/10.1016/j.artint.2014.07.005},
  doi       = {10.1016/j.artint.2014.07.005},
  timestamp = {Mon, 08 Sep 2014 14:58:34 +0200},
  biburl    = {http://dblp.uni-trier.de/rec/bib/journals/ai/DaviesKNWX14},
  bibsource = {dblp computer science bibliography, http://dblp.org}
}
@article{DBLP:journals/ai/ZuckermanPR09,
  author    = {Michael Zuckerman and
               Ariel D. Procaccia and
               Jeffrey S. Rosenschein},
  title     = {Algorithms for the coalitional manipulation problem},
  journal   = {Artificial Intelligence},
  volume    = {173},
  number    = {2},
  pages     = {392--412},
  year      = {2009},
  url       = {http://dx.doi.org/10.1016/j.artint.2008.11.005},
  doi       = {10.1016/j.artint.2008.11.005},
  timestamp = {Tue, 20 Jan 2009 13:22:35 +0100},
  biburl    = {http://dblp.uni-trier.de/rec/bib/journals/ai/ZuckermanPR09},
  bibsource = {dblp computer science bibliography, http://dblp.org}
}
@inproceedings{DBLP:conf/ijcai/BetzlerNW11,
	author    = {Nadja Betzler and
	Rolf Niedermeier and
	Gerhard J. Woeginger},
	title     = {Unweighted Coalitional Manipulation under the {Borda} Rule Is {NP}-Hard},
	booktitle = {{IJCAI}},
	pages     = {55--60},
	publisher = {{IJCAI/AAAI}},
	year      = {2011}
}
@article{DBLP:journals/jacm/ConitzerSL07,
  author    = {Vincent Conitzer and
               Tuomas Sandholm and
               J{\'{e}}r{\^{o}}me Lang},
  title     = {When are elections with few candidates hard to manipulate?},
  journal   = {J. {ACM}},
  volume    = {54},
  number    = {3},
  pages     = {14},
  year      = {2007},
  url       = {http://doi.acm.org/10.1145/1236457.1236461},
  doi       = {10.1145/1236457.1236461},
  timestamp = {Mon, 25 Jun 2007 07:55:58 +0200},
  biburl    = {http://dblp.uni-trier.de/rec/bib/journals/jacm/ConitzerSL07},
  bibsource = {dblp computer science bibliography, http://dblp.org}
}
@article{DBLP:journals/jcss/HemaspaandraH07,
  author    = {Edith Hemaspaandra and
               Lane A. Hemaspaandra},
  title     = {Dichotomy for voting systems},
  journal   = {J. Comput. Syst. Sci.},
  volume    = {73},
  number    = {1},
  pages     = {73--83},
  year      = {2007},
  url       = {http://dx.doi.org/10.1016/j.jcss.2006.09.002},
  doi       = {10.1016/j.jcss.2006.09.002},
  timestamp = {Wed, 24 Jan 2007 13:56:28 +0100},
  biburl    = {http://dblp.uni-trier.de/rec/bib/journals/jcss/HemaspaandraH07},
  bibsource = {dblp computer science bibliography, http://dblp.org}
}
@inproceedings{DBLP:conf/aaai/BrelsfordFHSS08,
	author    = {Eric Brelsford and
	Piotr Faliszewski and
	Edith Hemaspaandra and
	Henning Schnoor and
	Ilka Schnoor},
	title     = {Approximability of Manipulating Elections},
	booktitle = {{AAAI}},
	pages     = {44--49},
	publisher = {{AAAI} Press},
	year      = {2008}
}

@article{DBLP:journals/siamcomp/Svensson12,
	author    = {Ola Svensson},
	title     = {{Santa Claus} Schedules Jobs on Unrelated Machines},
	journal   = {{SIAM} J. Comput.},
	volume    = {41},
	number    = {5},
	pages     = {1318--1341},
	year      = {2012},
	url       = {http://dx.doi.org/10.1137/110851201},
	doi       = {10.1137/110851201},
	timestamp = {Fri, 07 Dec 2012 12:09:21 +0100},
	biburl    = {http://dblp.uni-trier.de/rec/bib/journals/siamcomp/Svensson12},
	bibsource = {dblp computer science bibliography, http://dblp.org}
}

@inproceedings{DBLP:conf/stoc/BansalS06,
	author    = {Nikhil Bansal and
	Maxim Sviridenko},
	title     = {The {Santa Claus} problem},
	booktitle = {Proceedings of the 38th Annual {ACM} Symposium on Theory of Computing},
	pages     = {31--40},
	year      = {2006},
	url       = {http://doi.acm.org/10.1145/1132516.1132522},
	doi       = {10.1145/1132516.1132522},
	timestamp = {Thu, 28 Sep 2006 09:38:26 +0200},
	biburl    = {http://dblp.uni-trier.de/rec/bib/conf/stoc/BansalS06},
	bibsource = {dblp computer science bibliography, http://dblp.org}
}

@article{gibbard1973manipulation,
	title={Manipulation of voting schemes: a general result},
	author={Gibbard, Allan},
	journal={Econometrica: journal of the Econometric Society},
	pages={587--601},
	year={1973},
	publisher={JSTOR}
}

@article{satterthwaite1975strategy,
	title={Strategy-proofness and {Arrow}'s conditions: Existence and correspondence theorems for voting procedures and social welfare functions},
	author={Mark Allen Satterthwaite},
	journal={Journal of economic theory},
	volume={10},
	number={2},
	pages={187--217},
	year={1975},
	publisher={Elsevier}
}

@inproceedings{kuhntucker,
	title={Nonlinear programming},
	author={HW Kuhn and AW Tucker},
	booktitle={Proceedings of 2nd Berkeley Symposium. Berkeley: University of California Press},
	year={1951},
	pages={481--492}
}

@article{hoeffding1963probability,
	title={Probability inequalities for sums of bounded random variables},
	author={Hoeffding, Wassily},
	journal={Journal of the American statistical association},
	volume={58},
	number={301},
	pages={13--30},
	year={1963},
	publisher={Taylor \& Francis Group}
}



@article{faliszewski2010ai,
  title={{AI}'s war on manipulation: Are we winning?},
  author={Faliszewski, Piotr and Procaccia, Ariel D},
  journal={AI Magazine},
  volume={31},
  number={4},
  pages={53--64},
  year={2010}
  }
