@inproceedings{zhong2018global,
  title={Global-locally self-attentive encoder for dialogue state tracking},
  author={Zhong, Victor and Xiong, Caiming and Socher, Richard},
  booktitle={Proceedings of the 56th Annual Meeting of the Association for Computational Linguistics (Volume 1: Long Papers)},
  pages={1458--1467},
  year={2018}
}

@inproceedings{sutskever2014sequence,
  title={Sequence to sequence learning with neural networks},
  author={Sutskever, Ilya and Vinyals, Oriol and Le, Quoc V},
  booktitle={Advances in neural information processing systems},
  pages={3104--3112},
  year={2014}
}

@article{winata2019learning,
  title={Learning Multilingual Meta-Embeddings for Code-Switching Named Entity Recognition},
  author={Winata, Genta Indra and Lin, Zhaojiang and Fung, Pascale},
  journal={ACL 2019},
  pages={181},
  year={2019}
}

@inproceedings{pires-etal-2019-multilingual,
    title = "How Multilingual is Multilingual {BERT}?",
    author = "Pires, Telmo  and
      Schlinger, Eva  and
      Garrette, Dan",
    booktitle = "Proceedings of the 57th Annual Meeting of the Association for Computational Linguistics",
    month = jul,
    year = "2019",
    address = "Florence, Italy",
    publisher = "Association for Computational Linguistics",
    url = "https://www.aclweb.org/anthology/P19-1493",
    pages = "4996--5001",
}

@article{wu2019transferable,
  title={Transferable Multi-Domain State Generator for Task-Oriented Dialogue Systems},
  author={Wu, Chien-Sheng and Madotto, Andrea and Hosseini-Asl, Ehsan and Xiong, Caiming and Socher, Richard and Fung, Pascale},
  journal={arXiv preprint arXiv:1905.08743},
  year={2019}
}

@inproceedings{chen2018xl,
  title={XL-NBT: A Cross-lingual Neural Belief Tracking Framework},
  author={Chen, Wenhu and Chen, Jianshu and Su, Yu and Wang, Xin and Yu, Dong and Yan, Xifeng and Wang, William Yang},
  booktitle={Proceedings of the 2018 Conference on Empirical Methods in Natural Language Processing},
  pages={414--424},
  year={2018}
}

@inproceedings{schuster2019cross,
  title={Cross-lingual Transfer Learning for Multilingual Task Oriented Dialog},
  author={Schuster, Sebastian and Gupta, Sonal and Shah, Rushin and Lewis, Mike},
  booktitle={Proceedings of the 2019 Conference of the North American Chapter of the Association for Computational Linguistics: Human Language Technologies, Volume 1 (Long and Short Papers)},
  pages={3795--3805},
  year={2019}
}

@article{lample2019cross,
  title={Cross-lingual language model pretraining},
  author={Lample, Guillaume and Conneau, Alexis},
  journal={arXiv preprint arXiv:1901.07291},
  year={2019}
}

@inproceedings{devlin2019bert,
  title={BERT: Pre-training of Deep Bidirectional Transformers for Language Understanding},
  author={Devlin, Jacob and Chang, Ming-Wei and Lee, Kenton and Toutanova, Kristina},
  booktitle={Proceedings of the 2019 Conference of the North American Chapter of the Association for Computational Linguistics: Human Language Technologies, Volume 1 (Long and Short Papers)},
  pages={4171--4186},
  year={2019}
}

@inproceedings{goo2018slot,
  title={Slot-gated modeling for joint slot filling and intent prediction},
  author={Goo, Chih-Wen and Gao, Guang and Hsu, Yun-Kai and Huo, Chih-Li and Chen, Tsung-Chieh and Hsu, Keng-Wei and Chen, Yun-Nung},
  booktitle={Proceedings of the 2018 Conference of the North American Chapter of the Association for Computational Linguistics: Human Language Technologies, Volume 2 (Short Papers)},
  pages={753--757},
  year={2018}
}

@article{mrkvsic2017semantic,
  title={Semantic Specialization of Distributional Word Vector Spaces using Monolingual and Cross-Lingual Constraints},
  author={Mrk{\v{s}}i{\'c}, Nikola and Vuli{\'c}, Ivan and S{\'e}aghdha, Diarmuid {\'O} and Leviant, Ira and Reichart, Roi and Ga{\v{s}}i{\'c}, Milica and Korhonen, Anna and Young, Steve},
  journal={Transactions of the Association for Computational Linguistics},
  volume={5},
  number={1},
  pages={309--324},
  year={2017}
}

@inproceedings{mrkvsic2017neural,
  title={Neural Belief Tracker: Data-Driven Dialogue State Tracking},
  author={Mrk{\v{s}}i{\'c}, Nikola and S{\'e}aghdha, Diarmuid {\'O} and Wen, Tsung-Hsien and Thomson, Blaise and Young, Steve},
  booktitle={Proceedings of the 55th Annual Meeting of the Association for Computational Linguistics (Volume 1: Long Papers)},
  pages={1777--1788},
  year={2017}
}

@article{liu2016attention,
  title={Attention-Based Recurrent Neural Network Models for Joint Intent Detection and Slot Filling},
  author={Liu, Bing and Lane, Ian},
  journal={Interspeech 2016},
  pages={685--689},
  year={2016}
}

@inproceedings{ni2017weakly,
  title={Weakly Supervised Cross-Lingual Named Entity Recognition via Effective Annotation and Representation Projection},
  author={Ni, Jian and Dinu, Georgiana and Florian, Radu},
  booktitle={Proceedings of the 55th Annual Meeting of the Association for Computational Linguistics (Volume 1: Long Papers)},
  pages={1470--1480},
  year={2017}
}

@inproceedings{pan2017cross,
  title={Cross-lingual name tagging and linking for 282 languages},
  author={Pan, Xiaoman and Zhang, Boliang and May, Jonathan and Nothman, Joel and Knight, Kevin and Ji, Heng},
  booktitle={Proceedings of the 55th Annual Meeting of the Association for Computational Linguistics (Volume 1: Long Papers)},
  volume={1},
  pages={1946--1958},
  year={2017}
}

@inproceedings{kim2017cross,
  title={Cross-lingual transfer learning for pos tagging without cross-lingual resources},
  author={Kim, Joo-Kyung and Kim, Young-Bum and Sarikaya, Ruhi and Fosler-Lussier, Eric},
  booktitle={Proceedings of the 2017 Conference on Empirical Methods in Natural Language Processing},
  pages={2832--2838},
  year={2017}
}

@inproceedings{zhang2016ten,
  title={Ten Pairs to Tag--Multilingual POS Tagging via Coarse Mapping between Embeddings},
  author={Zhang, Yuan and Gaddy, David and Barzilay, Regina and Jaakkola, Tommi},
  booktitle={Proceedings of the 2016 Conference of the North American Chapter of the Association for Computational Linguistics: Human Language Technologies},
  pages={1307--1317},
  year={2016}
}

@inproceedings{conneau2017word,
  title = {Word Translation Without Parallel Data},
  author = {Conneau, Alexis and Lample, Guillaume and Ranzato, Marc'Aurelio and Denoyer, Ludovic and J\'egou, Herv\'e},
  booktitle = {International Conference on Learning Representations (ICLR)},
  year = {2018}
}

@inproceedings{felbo2017using,
  title={Using millions of emoji occurrences to learn any-domain representations for detecting sentiment, emotion and sarcasm},
  author={Felbo, Bjarke and Mislove, Alan and S{\o}gaard, Anders and Rahwan, Iyad and Lehmann, Sune},
  booktitle={Proceedings of the 2017 Conference on Empirical Methods in Natural Language Processing},
  pages={1615--1625},
  year={2017}
}

@article{lample2016neural,
  title={Neural architectures for named entity recognition},
  author={Lample, Guillaume and Ballesteros, Miguel and Subramanian, Sandeep and Kawakami, Kazuya and Dyer, Chris},
  journal={arXiv preprint arXiv:1603.01360},
  year={2016}
}

@inproceedings{dehghani2018universal,
title={Universal Transformers},
author={Mostafa Dehghani and Stephan Gouws and Oriol Vinyals and Jakob Uszkoreit and Lukasz Kaiser},
booktitle={International Conference on Learning Representations},
year={2019},
url={https://openreview.net/forum?id=HyzdRiR9Y7},
}

@inproceedings{yu2018multilingual,
  title={Multilingual seq2seq training with similarity loss for cross-lingual document classification},
  author={Yu, Katherine and Li, Haoran and Oguz, Barlas},
  booktitle={Proceedings of The Third Workshop on Representation Learning for NLP},
  pages={175--179},
  year={2018}
}

@inproceedings{upadhyay2018almost,
  title={(Almost) Zero-Shot Cross-Lingual Spoken Language Understanding},
  author={Upadhyay, Shyam and Faruqui, Manaal and T{\"u}r, Gokhan and Dilek, Hakkani-T{\"u}r and Heck, Larry},
  booktitle={2018 IEEE International Conference on Acoustics, Speech and Signal Processing (ICASSP)},
  pages={6034--6038},
  year={2018},
  organization={IEEE}
}

@article{bojanowski2017enriching,
  title={Enriching word vectors with subword information},
  author={Bojanowski, Piotr and Grave, Edouard and Joulin, Armand and Mikolov, Tomas},
  journal={Transactions of the Association for Computational Linguistics},
  volume={5},
  pages={135--146},
  year={2017},
  publisher={MIT Press}
}

@inproceedings{liu2019zero,
  title={Zero-shot Cross-lingual Dialogue Systems with Transferable Latent Variables},
  author={Liu, Zihan and Shin, Jamin and Xu, Yan and Winata, Genta Indra and Xu, Peng and Madotto, Andrea and Fung, Pascale},
  booktitle={Proceedings of the 2019 Conference on Empirical Methods in Natural Language Processing and the 9th International Joint Conference on Natural Language Processing (EMNLP-IJCNLP)},
  pages={1297--1303},
  year={2019}
}

@inproceedings{joulin2018loss,
  title={Loss in Translation: Learning Bilingual Word Mapping with a Retrieval Criterion},
  author={Joulin, Armand and Bojanowski, Piotr and Mikolov, Tomas and J{\'e}gou, Herv{\'e} and Grave, Edouard},
  booktitle={Proceedings of the 2018 Conference on Empirical Methods in Natural Language Processing},
  pages={2979--2984},
  year={2018}
}