@inproceedings{fast-rcnn:Ross:CVPR15,
	Author = {Ross Girshick},
	Booktitle = {The IEEE Conference on Computer Vision and Pattern Recognition},
	Pages = {1440--1448},
	Title = {{Fast R-CNN}},
	Year = {2015}}

@inproceedings{mask-rcnn:he:ICCV17,
	Author = {Kaiming He and Georgia Gkioxari and Piotr Doll{\'a}r and Ross Girshick},
	Booktitle = {The IEEE International Conference on Computer Vision},
	Pages = {2961--2969},
	Title = {{Mask R-CNN}},
	Year = {2017}}

@inproceedings{gradcam:ICCV17,
	Author = {Ramprasaath R. Selvaraju and Michael Cogswell and Abhishek Das and Ramakrishna Vedantam and Devi Parikh and Dhruv Batra},
	Booktitle = {The IEEE International Conference on Computer Vision},
	Pages = {618--626},
	Title = {{Grad-CAM: Visual explanations from deep networks via gradient-based localization}},
	Year = {2017}}
	
@inproceedings{faster-rcnn:ren:NIPS15,
	Author = {Shaoqing Ren and Kaiming He and Ross Girshick and Jian Sun},
	Booktitle = {Advances in Neural Information Processing Systems},
	Pages = {91--99},
	Title = {{Faster R-CNN}: Towards real-time object detection with region proposal networks},
	Year = {2015}}

@inproceedings{supcon:khosla:nips20,
 author = {Prannay Khosla and Piotr Teterwak and Chen Wang and Aaron Sarna and Yonglong Tian and Phillip Isola and Aaron Maschinot and Ce Liu and Dilip Krishnan},
 booktitle = {Advances in Neural Information Processing Systems},
 pages = {18661--18673},
 title = {Supervised Contrastive Learning},
 year = {2020}
}


@inproceedings{googlenet:szegedy:CVPR15,
	Author = {Christian Szegedy and Wei Liu and Yangqing Jia and Pierre Sermanet and Scott Reed and Dragomir Anguelov and Dumitru Erhan and Vincent Vanhoucke and Andrew Rabinovich},
	Booktitle = {The IEEE Conference on Computer Vision and Pattern Recognition},
	Pages = {1--9},
	Title = {Going deeper with convolutions},
	Year = {2015}}

@inproceedings{FPN:kaiming:CVPR17,
	Author = {Tsung-Yi Lin and Piotr Doll{\'a}r and Ross Girshick and Kaiming He and Bharath Hariharan and Serge Belongie},
	Booktitle = {The IEEE Conference on Computer Vision and Pattern Recognition},
	Pages = {2177--2125},
	Title = {Feature pyramid networks for object detection},
	Year = {2017}}

@inproceedings{psol:zhang:CVPR20,
	Author = {Chen-Lin Zhang and Yun-Hao Cao and Jianxin Wu},
	Booktitle = {The IEEE Conference on Computer Vision and Pattern Recognition},
	Pages = {13460--13469},
	Title = {Rethinking the Route Towards Weakly Supervised Object Localization},
	Year = {2020}}

@inproceedings{vgg:simonyan:ICLR15,
	Author = {Karen Simonyan and Andrew Zisserman},
	Booktitle = {The International Conference on Learning Representations},
	Pages = {1--14},
	Title = {Very deep convolutional networks for large-scale image recognition},
	Year = {2015}}
	
@inproceedings{lottery:frankle:ICLR19,
	Author = {Jonathan Frankle and Michael Carbin},
	Booktitle = {The International Conference on Learning Representations},
	Pages = {1--13},
	Title = {The Lottery Ticket Hypothesis: {Finding} Sparse, Trainable Neural Networks},
	Year = {2019}}

@article{ILSVRC2012:russakovsky:IJCV15,
	Author = {Olga Russakovsky and Jia Deng and Hao Su and Jonathan Krause and Sanjeev Satheesh and Sean Ma and Zhiheng Huang and Andrej Karpathy and Aditya Khosla and Michael Bernstein and Alexander C. Berg and Li Fei-Fei},
	Journal = {International Journal of Computer Vision},
	Pages = {211--252},
	Title = {{ImageNet large scale visual recognition challenge}},
	Number = {3},
	Volume = {115},
	Year = {2015}}

@article{VOC:mark:IJCV10,
	Author = {Mark Everingham and Luc Van Gool and Christopher KI Williams and John Winn and Andrew Zisserman},
	Journal = {International Journal of Computer Vision},
	Pages = {303--338},
	Title = {{The {PASCAL} visual object classes (VOC) challenge}},
	Number = {2},
	Volume = {88},
	Year = {2010}}

@article{deeplab:chen:PAMI18,
	Author = {Liang-Chieh Chen and George Papandreou and Iasonas Kokkinos and Kevin Murphy and Alan L. Yuille},
	Journal = {IEEE Transactions on Pattern Analysis and Machine Intelligence},
	Number = {4},
	Pages = {834--848},
	Title = {Deeplab: Semantic image segmentation with deep convolutional nets, atrous convolution, and fully connected crfs},
	Volume = {40},
	Publisher = {IEEE},
	Year = {2018}}

@article{scda:tip17,
	Author = {Xiu-Shen Wei and Jian-Hao Luo and Jianxin Wu and Zhi-Hua Zhou},
	Journal = {IEEE Transactions on Image Processing},
	Number = {6},
	Pages = {2868--2881},
	Title = {Selective Convolutional Descriptor Aggregation for Fine-Grained Image Retrieval},
	Volume = {26},
	Publisher = {IEEE},
	Year = {2017}}

@inproceedings{fcn:long:CVPR15,
	Author = {Jonathan Long and Evan Shelhamer and Trevor Darrell},
	Booktitle = {The IEEE Conference on Computer Vision and Pattern Recognition},
	Pages = {3431--3440},
	Title = {Fully convolutional networks for semantic segmentation},
	Year = {2015}}

@inproceedings{lotteryrecognition:girish:CVPR21,
	Author = {Tianlong Chen and Jonathan Frankle and Shiyu Chang and Sijia Liu and Yang Zhang and Michael Carbin and Zhangyang Wang},
	Booktitle = {The IEEE Conference on Computer Vision and Pattern Recognition},
	Pages = {in press},
	Title = {The Lottery Tickets Hypothesis for Supervised and Self-supervised Pre-training in Computer Vision Models},
	Year = {2021}}
	
@inproceedings{lotteryssl:chen:CVPR21,
	Author = {Sharath Girish and Shishira R. Maiya and Kamal Gupta and Hao Chen and Larry Davis and Abhinav Shrivastava},
	Booktitle = {The IEEE Conference on Computer Vision and Pattern Recognition},
	Pages = {in press},
	Title = {The Lottery Ticket Hypothesis for Object Recognition},
	Year = {2021}}

@inproceedings{cam:zhou:CVPR16,
	Author = {Bolei Zhou and Aditya Khosla and Agata Lapedriza and Aude Oliva and Antonio Torralba},
	Booktitle = {The IEEE Conference on Computer Vision and Pattern Recognition},
	Pages = {2921--2929},
	Title = {Learning deep features for discriminative localization},
	Year = {2016}}

@article{S3L:cao:arxiv2021,
   title         = {{Rethinking self-supervised learning: Small is beautiful}},
   author        = {Yun-Hao Cao and Jianxin Wu},
   year          = {2021},
   journal = {arXiv preprint arXiv:2103.13559}}


@article{survey:generativeorcontrastive:arxiv2020,
   title         = {{Self-supervised learning: Generative or contrastive}},
   author        = {Xiao Liu and Fanjin Zhang and Zhenyu Hou and Jing Zhang and Jie Tang},
   year          = {2020},
   journal = {arXiv preprint arXiv:2006.08218}}

@article{survey:jing:TPAMI20,
	Author = {Longlong Jing and Yingli Tian},
	Journal = {IEEE Transactions on Pattern Analysis and Machine Intelligence},
	Title = {{Self-supervised visual feature learning with deep neural networks: A survey}},
	Publisher = {IEEE},
	Year = {2020}}


@article{survey:contrastive:arxiv2020,
   title         = {A survey on contrastive self-supervised learning},
   author        = {Ashish Jaiswal and Ashwin Ramesh Babu and Mohammad Zaki Zadeh and Debapriya Banerjee and Fillia Makedon},
   year          = {2020},
   journal = {arXiv preprint arXiv:2011.00362}}


 @inproceedings{context:carl:ICCV15,
	Author = {Carl Doersch and Abhinav Gupta and Alexei A. Efros},
	Booktitle = {The IEEE International Conference on Computer Vision},
	Pages = {1422--1430},
	Title = {{Unsupervised visual representations learning by context prediction}},
	Year = {2015}}

 @inproceedings{kaiminginit:he:ICCV15,
	Author = {Kaiming He and Xiangyu Zhang and Shaoqing Ren and Jian Sun},
	Booktitle = {The IEEE International Conference on Computer Vision},
	Pages = {1026--1034},
	Title = {Delving Deep into Rectifiers: {Surpassing} Human-Level Performance on ImageNet Classification},
	Year = {2015}}

 @inproceedings{cutmix:yun:ICCV19,
	Author = {Sangdoo Yun and Dongyoon Han and Seong Joon Oh and Sanghyuk Chun and Junsuk Choe and Youngjoon Yoo},
	Booktitle = {The IEEE International Conference on Computer Vision},
	Pages = {6023--6032},
	Title = {{CutMix: Regularization strategy to train strong classifiers with localizable features}},
	Year = {2019}}

@incollection{jiasaw:mehdi:ECCV16,
	Author = {Mehdi Noroozi and Paolo Favaro},
	Booktitle = {The European Conference on Computer Vision},
	Pages = {69--84},
	Title = {Unsupervised Learning of Visual Representations by Solving Jigsaw Puzzles},
	Publisher = {Springer},	
	Series = {LNCS},
	Volume = {9910},
	Year = {2016}}

@inproceedings{seed:fang:ICLR21,
	Author = {Zhiyuan Fang and Jianfeng Wang and Lijuan Wang and Lei Zhang and Yezhou Yang and Zicheng Liu},
	Booktitle = {The International Conference on Learning Representations},
	Pages = {1--12},
	Title = {{SEED: Self-supervised distillation for visual representation}},
	Year = {2021}}

@inproceedings{rotnet:spyros:ICLR18,
	Author = {Spyros Gidaris and Praveer Singh and Nikos Komodakis},
	Booktitle = {The International Conference on Learning Representations},
	Pages = {1--14},
	Title = {Unsupervised representation learning by predicting image rotations},
	Year = {2015}}

@incollection{deepclustering:caron:ECCV18,
	Author = {Mathilde Caron and Piotr Bojanowski and Armand Joulin and Matthijs Douze},
	Booktitle = {The European Conference on Computer Vision},
	Pages = {132--149},
	Title = {Deep clustering for unsupervised learning of visual features},
	Publisher = {Springer},	
	Series = {LNCS},
	Volume = {11218},
	Year = {2018}}

@inproceedings{swav:caron:NIPS20,
	Author = {Mathilde Caron and Ishan Misra and Julien Mairal and Priya Goyal and Piotr Bojanowski and Armand Joulin},
	Booktitle = {Advances in Neural Information Processing Systems},
	Pages = {9912--9924},
	Title = {Unsupervised Learning of Visual Features by Contrasting Cluster Assignments},
	Year = {2020}}

@inproceedings{pytorch:NIPS19,
	Author = {Paszke, Adam and Gross, Sam and Massa, Francisco and Lerer, Adam and Bradbury, James and Chanan, Gregory and Killeen, Trevor and Lin, Zeming and Gimelshein, Natalia and Antiga, Luca and Desmaison, Alban and Kopf, Andreas and Yang, Edward and DeVito, Zachary and Raison, Martin and Tejani, Alykhan and Chilamkurthy, Sasank and Steiner, Benoit and Fang, Lu and Bai, Junjie and Chintala, Soumith},
	Booktitle = {Advances in Neural Information Processing Systems},
	Pages = {8024--8035},
	Title = {PyTorch: {An} Imperative Style, High-Performance Deep Learning Library},
	Year = {2019}}

@inproceedings{onlinedeepclustering:zhan:CVPR20,
	Author = {Xiaohang Zhan and Jiahao Xie and Ziwei Liu and Yew Sonn Ong and Chen Change Loy},
	Booktitle = {The IEEE Conference on Computer Vision and Pattern Recognition},
	Pages = {6688--6697},
	Title = {Online Deep Clustering for Unsupervised Representation Learning},
	Year = {2020}}

@inproceedings{memorybank:wu:CVPR18,
	Author = {Zhirong Wu and Yuanjun Xiong and Stella X. Yu and Dahua Lin},
	Booktitle = {The IEEE Conference on Computer Vision and Pattern Recognition},
	Pages = {3733--3742},
	Title = {Unsupervised feature learning via non-parametric instance discrimination},
	Year = {2018}}

@inproceedings{simclr:hinton:ICML20,
	Author = {Ting Chen and Simon Kornblith and Mohammad Norouzi and Geoffrey Hinton},
	Booktitle = {The International Conference on Machine Learning},
	Pages = {1597--1607},
	Title = {A simple framework for contrastive learning of  visual representations},
	Year = {2020}}
	
@inproceedings{batchnorm:Ioffe:ICML15,
	Author = {Sergey Ioffe and Christian Szegedy},
	Booktitle = {The International Conference on Machine Learning},
	Pages = {448--456},
	Title = {Batch Normalization: {Accelerating} Deep Network Training by Reducing Internal Covariate Shift
},
	Year = {2015}}

@inproceedings{lotteryprove:malach:ICML20,
	Author = {Eran Malach and Gilad Yehudai and Shai Shalev-Schwartz and Ohad Shamir},
	Booktitle = {The International Conference on Machine Learning},
	Pages = {6682--6691},
	Title = {Proving the Lottery Ticket Hypothesis: {Pruning} is All You Need},
	Year = {2020}}

@inproceedings{moco:kaiming:CVPR20,
	Author = {Kaiming He and Haoqi Fan and Yuxin Wu and Saining Xie and Ross Girshick},
	Booktitle = {The IEEE Conference on Computer Vision and Pattern Recognition},
	Pages = {9729--9738},
	Title = {Momentum contrast for unsupervised visual representation learning},
	Year = {2020}}

@inproceedings{demystifying:gupta:NIPS20,
	Author = {Senthil Purushwalkam and Abhinav Gupta},
	Booktitle = {Advances in Neural Information Processing Systems},
	Pages = {1--13},
	Title = {{Demystifying contrastive self-supervised learning: Invariances, augmentations and dataset biases}},
	Year = {2020}}


@inproceedings{inpainting:deepak:CVPR16,
	Author = {Deepak Pathak and Philipp Krahenbuhl and Jeff Donahue and Trevor Darrell and Alexei A. Efros},
	Booktitle = {The IEEE Conference on Computer Vision and Pattern Recognition},
	Pages = {2536--2544},
	Title = {{Context encoders: Feature learning by inpainting}},
	Year = {2016}}

@inproceedings{superresolution:ledig:CVPR17,
	Author = {Christian Ledig and Lucas Theis and Ferenc Huszar and Jose Caballero and Andrew Cunningham and Alejandro Acosta and Andrew Aitken and Alykhan Tejani and Johannes Totz and Zehan Wang and Wenzhe Shi},
	Booktitle = {The IEEE Conference on Computer Vision and Pattern Recognition},
	Pages = {4681--4690},
	Title = {Photo-realistic single image super-resolution using a generative adversarial network},
	Year = {2017}}

@incollection{colorization:richard:ECCV16,
	Author = {Richard Zhang and Phillip Isola and Alexei A. Efros},
	Booktitle = {The European Conference on Computer Vision},
	Pages = {649--666},
	Title = {Colorful Image Colorization},
	Publisher = {Springer},	
	Series = {LNCS},
	Volume = {9907},
	Year = {2016}}


@inproceedings{adversarial:jeff:ICLR17,
	Author = {Jeff Donahue and Philipp Krahenbuhl and Trevor Darrell},
	Booktitle = {The International Conference on Learning Representations},
	Pages = {1--12},
	Title = {Adversarial feature learning},
	Year = {2017}}

 @inproceedings{sorting:lee:ICCV17,
	Author = {Hsin-Ying Lee and Jia-Bin Huang and Maneesh Singh and Ming-Hsuan Yang},
	Booktitle = {The IEEE International Conference on Computer Vision},
	Pages = {667--676},
	Title = {Unsupervised representation learning by sorting sequences},
	Year = {2017}}

@inproceedings{byol:grill:NIPS20,
	Author = {Jean-Bastien Grill and Florian Strub and Florent Altche and Corentin Tallec and Pierre H.Richemond and Elena Buchatskaya and Carl Doersch and Bernardo Avila Pires and Zhaohan Daniel Guo and Mohammand Gheshlaghi Azar and Bial Piot and Koray Kavukcuoglu and Remi Munos and Michal Valko},
	Booktitle = {Advances in Neural Information Processing Systems},
	Pages = {21271--21284},
	Title = {{Boostrap your own latent: A new approach to self-supervised learning}},
	Year = {2020}}


@article{mocov2:xinlei:arxiv2020,
	title         = {Improved baselines with momentum contrastive learning},
	author        = {Xinlei Chen and Haoqi Fan and Ross Girshick and Kaiming He},
	year          = {2020},
	journal = {arXiv preprint arXiv:2003.04297}}

@article{simple-copy-paste:quoc:arxiv2012,
	title         = {Simple Copy-Paste is a Strong Data Augmentation Method for Instance Segmentation},
	author        = {Golnaz Ghiasi and Yin Cui and Aravind Srinivas and Rui Qian and Tsung-Yi Lin and Ekin D.Cubuk and Quoc V. Le and Barret Zoph},
	year          = {2012},
	journal = {arXiv preprint arXiv:2012.07177v1}}


@article{simsiam:kaiming:arxiv2020,
	title         = {Exploring Simple Siamese Representation Learning},
	author        = {Xinlei Chen and Kaiming He},
	year          = {2020},
	journal = {arXiv preprint arXiv:2011.10566}}

 @inproceedings{deepercluster:caron:ICCV19,
	Author = {Mathilde Caron and Piotr Bojanowski and Julien Mairal and Armand Joulin},
	Booktitle = {The IEEE International Conference on Computer Vision},
	Pages = {2956--2968},
	Title = {Unsupervised pre-training of image features on non-curated data},
	Year = {2019}}

 @inproceedings{cut-paste-learn:dwibedi:ICCV19,
	Author = {Debidatta Dwibedi and Ishan Misra and Martial Hebert},
	Booktitle = {The IEEE International Conference on Computer Vision},
	Pages = {1301--1310},
	Title = {Cut, Paste and Learn: {Surprisingly} Easy Synthesis for Instance Detection},
	Year = {2019}}

@inproceedings{resnet:he:CVPR16,
	Author = {Kaiming He and Xiangyu Zhang and Shaoqing Ren and Jian Sun},
	Booktitle = {The IEEE Conference on Computer Vision and Pattern Recognition},
	Pages = {770--778},
	Title = {Deep residual learning for image recognition},
	Year = {2016}}

@article{NRS,
  title={Neural random subspace},
  author={Yun-Hao Cao and Jianxin Wu and Hanchen Wang and Joan Lasenby},
  journal={Pattern Recognition},
  volume={112},
  pages={Article 107801},
  year={2021},
  publisher={Elsevier}
}

@article{ddt:wei:pr19,
  title={Unsupervised Object Discovery and Co-Localization by Deep Descriptor Transformation},
  author={Xiu-Shen Wei and Chen-Lin Zhang and Jianxin Wu and Chunhua Shen and Zhi-Hua Zhou},
  journal={Pattern Recognition},
  volume={88},
  pages={113--126},
  year={2019},
  publisher={Elsevier}
}

@incollection{coco:LinTY:ECCV14,
	Author = {Tsung-Yi Lin and Michael Maire and Serge Belongie and James Hays and  Pietro Perona and Deva Ramanan and Piotr Doll{\'a}r  and C Lawrence Zitnick},
	Booktitle = {The European Conference on Computer Vision},
	Pages = {740--755},
	Title = {{Microsoft COCO: Common objects in context}},
	Publisher = {Springer},	
	Series = {LNCS},
	Volume = {8693},
	Year = {2014}}

@misc{wu2019detectron2,
	author =       {Yuxin Wu and Alexander Kirillov and Francisco Massa and
	Wan-Yen Lo and Ross Girshick},
	title =        {Detectron2},
	howpublished = {\url{https://github.com/facebookresearch/detectron2}},
	year =         {2019}}
	
	
@techreport{cub200,
Title = {{The Caltech-UCSD Birds-200-2011 Dataset}},
Author = {Catherine Wah and Steve Branson and Peter Welinder and Pietro Perona and Serge Belongie},
Year = {2011},
Institution = {California Institute of Technology},
Number = {CNS-TR-2011-001}
}

@inproceedings{cars,
Author = {Jonathan Krause and Michael Stark and Jia Deng and Li Fei-Fei},
Booktitle = {ICCV Workshop on 3D Representation and Recognition},
Title = {{3D} Object representations for fine-grained categorization},
Year = {2013}}

@article{aircrafts,
title         = {Fine-Grained Visual Classification of Aircraft},
author        = {Subhransu Maji and Esa Rahtu and Juho Kannala and Matthew Blaschko and Andrea Vedaldi},
year          = {2013},
journal = {arXiv preprint arXiv:1306.5151}}

@article{unmix:shen:arxiv20,
title         = {Un-Mix: {Rethinking} Image Mixtures for Unsupervised Visual Representation Learning},
author        = {Zhiqiang Shen and Zechun Liu and Zhuang Liu and Marios Savvides and Trevor Darrell and Eric Xing},
year          = {2020},
journal = {arXiv preprint arXiv:2003.05438}}

@article{bsim:cgy:arxiv20,
title         = {Beyond Single Instance Multi-view Unsupervised Representation Learning},
author        = {Xiangxiang Chu and Xiaohang Zhan and Xiaolin Wei},
year          = {2020},
journal = {arXiv preprint arXiv:2011.13356}}

@inproceedings{dogs,
author = {Aditya Khosla and Nityananda Jayadevaprakash and Bangpeng Yao and Li Fei-Fei},
title = {Novel Dataset for Fine-Grained Image Categorization},
booktitle = {CVPR Workshop on Fine-Grained Visual Categorization},
year = {2011}}

@inproceedings{pets,
Author = {Omkar M. Parkhi and Andrea Vedaldi and Andrew Zisserman and C. V. Jawahar},
Booktitle = {The IEEE Conference on Computer Vision and Pattern Recognition},
Pages = {3498--3505},
Title = {Cats and dogs},
Year = {2012}}

@inproceedings{dtd,
Author = {Mircea Cimpoi and Subhransu Maji and Iasonas Kokkinos and Sammy Mohamed and Andrea Vedaldi},
Booktitle = {The IEEE Conference on Computer Vision and Pattern Recognition},
Pages = {3606--3613},
Title = {Describing textures in the wild},
Year = {2014}}


@inproceedings{flowers,
Author = {Maria-Elena Nilsback and Andrew Zisserman},
Booktitle = {The IEEE Conference on Computer Vision and Pattern Recognition},
Pages = {1447--1454},
Title = {A Visual Vocabulary for Flower Classification},
Year = {2006}}

@inproceedings{bcnn:lin:ICCV15,
Author = {Tsung-Yu Lin and Aruni RoyChowdhury and Subhransu Maji },
Booktitle = {The IEEE International Conference on Computer Vision},
Pages = {1449--1457},
Title = {{Bilinear CNN models for fine-grained visual recognition}},
Year = {2015}}

@article{deeplabv3:arxiv2017,
title         = {Rethinking atrous convolution for semantic image segmentation},
author        = {Liang-Chieh Chen and George Papandreou and Florian Schroff and Hartwig Adam},
year          = {2017},
journal = {arXiv preprint arXiv:1706.05587}}

@article{InfoNCE:arxiv2018,
title         = {Representation learning with contrastive predictive coding},
author        = {Aarin van den Oord and Yazhe Li and Oriol Vinyals},
year          = {2018},
journal = {arXiv preprint arXiv:1807.03748}}

@inproceedings{simclrv2:arxiv2020,
	Author = {Ting Chen and Simon Kornblith and Kevin Swersky and Mohammad Norouzi and Geoffrey Hinton},
	Booktitle = {Advances in neural information processing systems},
	Pages = {22243--22255},
	Title = {Big Self-Supervised Models are Strong Semi-Supervised Learners},
	Year = {2020}}

@inproceedings{rethinkpretraining:he:ICCV19,
Author = {Kaiming He and Ross Girshick and Piotr Doll{\'a}r},
Booktitle = {The IEEE International Conference on Computer Vision},
Pages = {4918--4927},
Title = {Rethinking {ImageNet} pre-training},
Year = {2019}}

@inproceedings{self-similarity:eli:ICCV07,
Author = {Eli Shechtman and Michal Irani},
Booktitle = {The IEEE International Conference on Computer Vision},
Pages = {1--8},
Title = {Matching local self-similarities across images and videos},
Year = {2007}}

@inproceedings{once-for-all:hansong:ICLR20,
Author = {Han Cai and Chuang Gan and Tianzhe Wang and Zhekai Zhang and Song Han},
Booktitle = {The International Conference on Learning Representations},
Pages = {1--14},
Title = {{Once-for-all: Train one network and specialize it for efficient deployment}},
Year = {2020}}

@incollection{eagleeye:bailin:ECCV20,
Author = {Bailin Li and Bowen Wu and Jiang Su and Guangrun Wang},
Booktitle = {The European Conference on Computer Vision},
Pages = {639--654},
Title = {EagleEye: {Fast} Sub-net Evaluation for Efficient Neural Network Pruning},
Publisher = {Springer},	
Series = {LNCS},
Volume = {12347},
Year = {2020}}

@inproceedings{mixup:ICLR18,
Author = {Hongyi Zhang and Moustapha Cisse and Yann N. Dauphin and David Lopez-Paz},
Booktitle = {The International Conference on Learning Representations},
Pages = {1--13},
Title = {{Mixup: Beyond empirical risk minimization}},
Year = {2018}}

@inproceedings{bias:cohen:ICLR17,
	Author = {Nadav Cohen and Amnon Shashua},
	Booktitle = {The International Conference on Learning Representations},
	Pages = {1--28},
	Title = {Inductive bias of deep convolutional networks through pooling geometry},
	Year = {2017}}
	
@inproceedings{xavier,
  title = 	 {Understanding the difficulty of training deep feedforward neural networks},
  author = 	 {Xavier Glorot and Yoshua Bengio},
  booktitle = 	 {Proceedings of the Thirteenth International Conference on Artificial Intelligence and Statistics},
  pages = 	 {249--256},
  year = 	 {2010},
  volume = 	 {9}}

@article{vit:ICLR21,
  title={An Image is Worth 16x16 Words: Transformers for Image Recognition at Scale},
  author={Alexey Dosovitskiy and Lucas Beyer and Alexander Kolesnikov and Dirk Weissenborn and Xiaohua Zhai and Thomas Unterthiner and Mostafa Dehghani and Matthias Minderer and Georg Heigold and Sylvain Gelly and Jakob Uszkoreit and Neil Houlsby},
  journal={ICLR},
  Pages = {1--9},
  year={2021}
}


@incollection{edgebox:pitor:ECCV14,
	Author = {C. Lawrence Zitnick and Piotr Doll\'ar},
	Booktitle = {The European Conference on Computer Vision},
	Pages = {391--405},
	Title = {Edge Boxes: {Locating} Object Proposals from Edges},
	Publisher = {Springer},	
	Series = {LNCS},
	Volume = {8693},
	Year = {2014}}
	
@inproceedings{alexnet:NIPS2012,
	Author = {Alex Krizhevsky and Ilya Sutskever and Geoffrey E. Hinton},
	Booktitle = {Advances in Neural Information Processing Systems},
	Pages = {1097--1105},
	Title = {ImageNet classification with deep convolutional neural networks},
	Year = {2012}}
	
@inproceedings{inceptionv3:Szegedy:CVPR16,
	Author = {Christian Szegedy and Vincent Vanhoucke and Sergey Ioffe and Jonathon Shlens and Zbigniew Wojna},
	Booktitle = {The IEEE Conference on Computer Vision and Pattern Recognition},
	Pages = {2818--2826},
	Title = {Rethinking the Inception Architecture for Computer Vision},
	Year = {2016}}
	
@inproceedings{deepimageprior:Dmitry:CVPR18,
	Author = {Dmitry Ulyanov and Andrea Vedaldi and Victor Lempitsky},
	Booktitle = {The IEEE Conference on Computer Vision and Pattern Recognition},
	Pages = {9446--9454},
	Title = {Deep Image Prior},
	Year = {2018}}