%=====================
%   Introduction
%=====================
@article{caballero4170114toward,
  title={Toward Automated Instructor Pilots in Legacy Air Force Systems: Physiology-based Flight Difficulty Classification via Machine Learning},
  author={Caballero, William N and Gaw, Nathan and Jenkins, Phillip R and Johnstone, Chancellor},
  journal={Available at SSRN 4170114},
  year={2023}
}

@article{chen2018fastgcn,
  title={Fastgcn: fast learning with graph convolutional networks via importance sampling},
  author={Chen, Jie and Ma, Tengfei and Xiao, Cao},
  journal={arXiv preprint arXiv:1801.10247},
  year={2018}
}

@article{hamilton2017inductive,
  title={Inductive representation learning on large graphs},
  author={Hamilton, Will and Ying, Zhitao and Leskovec, Jure},
  journal={Advances in neural information processing systems},
  volume={30},
  year={2017}
}

@inproceedings{wang2016structural,
  title={Structural deep network embedding},
  author={Wang, Daixin and Cui, Peng and Zhu, Wenwu},
  booktitle={Proceedings of the 22nd ACM SIGKDD international conference on Knowledge discovery and data mining},
  pages={1225--1234},
  year={2016}
}

@article{kipf2016semi,
  title={Semi-supervised classification with graph convolutional networks},
  author={Kipf, Thomas N and Welling, Max},
  journal={arXiv preprint arXiv:1609.02907},
  year={2016}
}

@article{velivckovic2017graph,
  title={Graph attention networks},
  author={Veli{\v{c}}kovi{\'c}, Petar and Cucurull, Guillem and Casanova, Arantxa and Romero, Adriana and Lio, Pietro and Bengio, Yoshua},
  journal={arXiv preprint arXiv:1710.10903},
  year={2017}
}

@article{mo2021heterogeneous,
  title={Heterogeneous edge-enhanced graph attention network for multi-agent trajectory prediction},
  author={Mo, Xiaoyu and Xing, Yang and Lv, Chen},
  journal={arXiv preprint arXiv:2106.07161},
  year={2021}
}



%=====================
%   Related works
%=====================
@inproceedings{gu2021detecting,
  title={Detecting Epileptic Seizures via Non-Uniform Multivariate Embedding of EEG Signals},
  author={Gu, Haidong and Chou, Chun-An},
  booktitle={2021 43rd Annual International Conference of the IEEE Engineering in Medicine \& Biology Society (EMBC)},
  pages={1690--1693},
  year={2021},
  organization={IEEE}
}

@article{gu2022optimizing,
  title={Optimizing non-uniform multivariate embedding for multiscale entropy analysis of complex systems},
  author={Gu, Haidong and Chou, Chun-An},
  journal={Biomedical Signal Processing and Control},
  volume={71},
  pages={103206},
  year={2022},
  publisher={Elsevier}
}

@article{jia2020sleepprintnet,
  title={SleepPrintNet: a multivariate multimodal neural network based on physiological time-series for automatic sleep staging},
  author={Jia, Ziyu and Cai, Xiyang and Zheng, Gaoxing and Wang, Jing and Lin, Youfang},
  journal={IEEE Transactions on Artificial Intelligence},
  volume={1},
  number={3},
  pages={248--257},
  year={2020},
  publisher={IEEE}
}

@inproceedings{jia2020graphsleepnet,
  title={GraphSleepNet: Adaptive Spatial-Temporal Graph Convolutional Networks for Sleep Stage Classification.},
  author={Jia, Ziyu and Lin, Youfang and Wang, Jing and Zhou, Ronghao and Ning, Xiaojun and He, Yuanlai and Zhao, Yaoshuai},
  booktitle={IJCAI},
  pages={1324--1330},
  year={2020}
}

@inproceedings{jia2021hetemotionnet,
  title={HetEmotionNet: two-stream heterogeneous graph recurrent neural network for multi-modal emotion recognition},
  author={Jia, Ziyu and Lin, Youfang and Wang, Jing and Feng, Zhiyang and Xie, Xiangheng and Chen, Caijie},
  booktitle={Proceedings of the 29th ACM International Conference on Multimedia},
  pages={1047--1056},
  year={2021}
}

@article{zheng2018emotionmeter,
  title={Emotionmeter: A multimodal framework for recognizing human emotions},
  author={Zheng, Wei-Long and Liu, Wei and Lu, Yifei and Lu, Bao-Liang and Cichocki, Andrzej},
  journal={IEEE transactions on cybernetics},
  volume={49},
  number={3},
  pages={1110--1122},
  year={2018},
  publisher={IEEE}
}

@inproceedings{ma2019emotion,
  title={Emotion recognition using multimodal residual LSTM network},
  author={Ma, Jiaxin and Tang, Hao and Zheng, Wei-Long and Lu, Bao-Liang},
  booktitle={Proceedings of the 27th ACM international conference on multimedia},
  pages={176--183},
  year={2019}
}

@article{zhang2020fusing,
  title={Fusing of electroencephalogram and eye movement with group sparse canonical correlation analysis for anxiety detection},
  author={Zhang, Xiaowei and Pan, Jing and Shen, Jian and ud Din, Zia and Li, Junlei and Lu, Dawei and Wu, Manxi and Hu, Bin},
  journal={IEEE Transactions on Affective Computing},
  volume={13},
  number={2},
  pages={958--971},
  year={2020},
  publisher={IEEE}
}

@article{busbridge2019relational,
  title={Relational graph attention networks},
  author={Busbridge, Dan and Sherburn, Dane and Cavallo, Pietro and Hammerla, Nils Y},
  journal={arXiv preprint arXiv:1904.05811},
  year={2019}
}

@inproceedings{schlichtkrull2018modeling,
  title={Modeling relational data with graph convolutional networks},
  author={Schlichtkrull, Michael and Kipf, Thomas N and Bloem, Peter and Van Den Berg, Rianne and Titov, Ivan and Welling, Max},
  booktitle={The Semantic Web: 15th International Conference, ESWC 2018, Heraklion, Crete, Greece, June 3--7, 2018, Proceedings 15},
  pages={593--607},
  year={2018},
  organization={Springer}
}

@inproceedings{brockschmidt2020gnn,
  title={Gnn-film: Graph neural networks with feature-wise linear modulation},
  author={Brockschmidt, Marc},
  booktitle={International Conference on Machine Learning},
  pages={1144--1152},
  year={2020},
  organization={PMLR}
}

@inproceedings{hu2020heterogeneous,
  title={Heterogeneous graph transformer},
  author={Hu, Ziniu and Dong, Yuxiao and Wang, Kuansan and Sun, Yizhou},
  booktitle={Proceedings of the web conference 2020},
  pages={2704--2710},
  year={2020}
}

@inproceedings{wang2019heterogeneous,
  title={Heterogeneous graph attention network},
  author={Wang, Xiao and Ji, Houye and Shi, Chuan and Wang, Bai and Ye, Yanfang and Cui, Peng and Yu, Philip S},
  booktitle={The world wide web conference},
  pages={2022--2032},
  year={2019}
}

@article{yun2019graph,
  title={Graph transformer networks},
  author={Yun, Seongjun and Jeong, Minbyul and Kim, Raehyun and Kang, Jaewoo and Kim, Hyunwoo J},
  journal={Advances in neural information processing systems},
  volume={32},
  year={2019}
}



%=====================
%   CogPilot dataset
%=====================
@article{raomultimodal,
  title={Multimodal Physiological Monitoring During Virtual Reality Piloting Tasks},
  author={Rao, Hrishikesh and Cowen, Emilie and Yuditskaya, Sophia and Brattain, Laura and Koerner, Jamie and Ciccarelli, Gregory and Carter, Ronisha and Sze, Vivienne and Broderick, Tamara and Reynolds, Hayley and others},
  journal={PhysioNet},
  year={2022}
}

@article{goldberger2000physiobank,
  title={PhysioBank, PhysioToolkit, and PhysioNet: components of a new research resource for complex physiologic signals},
  author={Goldberger, Ary L and Amaral, Luis AN and Glass, Leon and Hausdorff, Jeffrey M and Ivanov, Plamen Ch and Mark, Roger G and Mietus, Joseph E and Moody, George B and Peng, Chung-Kang and Stanley, H Eugene},
  journal={circulation},
  volume={101},
  number={23},
  pages={e215--e220},
  year={2000},
  publisher={Am Heart Assoc}
}