@book{heckhausen2018motivation,
  title={Motivation and action},
  author={Heckhausen, Jutta and Heckhausen, Heinz},
  year={2018},
  publisher={Springer}
}

@book{schiefele1996motivation,
  title={Motivation und Lernen mit Texten},
  author={Schiefele, Ulrich},
  year={1996},
  publisher={Hogrefe G{\"o}ttingen}
}

@article{merrick2013novelty,
  title={Novelty and beyond: Towards combined motivation models and integrated learning architectures},
  author={Merrick, Kathryn E},
  journal={Intrinsically motivated learning in natural and artificial systems},
  pages={209--233},
  year={2013},
  publisher={Springer}
}

@book{merrick2009motivated,
  title={Motivated reinforcement learning: curious characters for multiuser games},
  author={Merrick, Kathryn E and Maher, Mary Lou},
  year={2009},
  publisher={Springer Science \& Business Media}
}

@article{baldassarre2013intrinsically,
  title={Intrinsically motivated learning systems: an overview},
  author={Baldassarre, Gianluca and Mirolli, Marco},
  journal={Intrinsically motivated learning in natural and artificial systems},
  pages={1--14},
  year={2013},
  publisher={Springer}
}

@inproceedings{schmidhuber1991curious,
  title={Curious model-building control systems},
  author={Schmidhuber, J{\"u}rgen},
  booktitle={Proc. international joint conference on neural networks},
  pages={1458--1463},
  year={1991}
}

@article{schmidhuber2010formal,
  title={Formal theory of creativity, fun, and intrinsic motivation (1990--2010)},
  author={Schmidhuber, J{\"u}rgen},
  journal={IEEE transactions on autonomous mental development},
  volume={2},
  number={3},
  pages={230--247},
  year={2010},
  publisher={Ieee}
}

@article{marsland2000real,
  title={A real-time novelty detector for a mobile robot},
  author={Marsland, Stephen and Nehmzow, Ulrich and Shapiro, Jonathan},
  journal={EUREL European Advanced Robotics Systems Masterclass and Conference},
  year={2000}
}

@inproceedings{barto2004intrinsically,
  title={Intrinsically motivated learning of hierarchical collections of skills},
  author={Barto, Andrew G and Singh, Satinder and Chentanez, Nuttapong and others},
  booktitle={Proceedings of the 3rd International Conference on Development and Learning},
  volume={112},
  pages={19},
  year={2004},
  organization={Citeseer}
}

@inproceedings{schembri2007evolution,
  title={Evolution and learning in an intrinsically motivated reinforcement learning robot},
  author={Schembri, Massimiliano and Mirolli, Marco and Baldassarre, Gianluca},
  booktitle={Advances in Artificial Life: 9th European Conference, ECAL 2007, Lisbon, Portugal, September 10-14, 2007. Proceedings 9},
  pages={294--303},
  year={2007},
  organization={Springer}
}

@article{alderfer1972existence,
  title={Existence, relatedness, and growth: Human needs in organizational settings.},
  author={Alderfer, Clayton P},
  year={1972},
  publisher={Free press}
}

@article{maslow1958dynamic,
  title={A Dynamic Theory of Human Motivation.},
  author={Maslow, Abraham Harold},
  year={1958},
  publisher={Howard Allen Publishers}
}

@article{yang2023hierarchical,
  title={Hierarchical Needs-driven Agent Learning Systems: From Deep Reinforcement Learning To Diverse Strategies},
  author={Yang, Qin},
  journal={The 37th AAAI 2023 Conference on Artificial Intelligence and Robotics Bridge Program},
  year={2023}
}

@article{busoniu2008comprehensive,
  title={A comprehensive survey of multiagent reinforcement learning},
  author={Busoniu, Lucian and Babuska, Robert and De Schutter, Bart},
  journal={IEEE Transactions on Systems, Man, and Cybernetics, Part C (Applications and Reviews)},
  volume={38},
  number={2},
  pages={156--172},
  year={2008},
  publisher={IEEE}
}

@article{hernandez2019survey,
  title={A survey and critique of multiagent deep reinforcement learning},
  author={Hernandez-Leal, Pablo and Kartal, Bilal and Taylor, Matthew E},
  journal={Autonomous Agents and Multi-Agent Systems},
  volume={33},
  number={6},
  pages={750--797},
  year={2019},
  publisher={Springer}
}

@article{yang2023understanding,
  title={Understanding the Application of Utility Theory in Robotics and Artificial Intelligence: A Survey},
  author={Yang, Qin and Liu, Rui},
  journal={arXiv preprint arXiv:2306.09445},
  year={2023}
}

@article{ruadulescu2020multi,
  title={Multi-objective multi-agent decision making: a utility-based analysis and survey},
  author={R{\u{a}}dulescu, Roxana and Mannion, Patrick and Roijers, Diederik M and Now{\'e}, Ann},
  journal={Autonomous Agents and Multi-Agent Systems},
  volume={34},
  number={1},
  pages={10},
  year={2020},
  publisher={Springer}
}

@inproceedings{zintgraf2015quality,
  title={Quality assessment of MORL algorithms: A utility-based approach},
  author={Zintgraf, Luisa M and Kanters, Timon V and Roijers, Diederik M and Oliehoek, Frans and Beau, Philipp},
  booktitle={Benelearn 2015: proceedings of the 24th annual machine learning conference of Belgium and the Netherlands},
  year={2015}
}

@inproceedings{10.1145/3555776.3577642,
author = {Yang, Qin and Parasuraman, Ramviyas},
title = {A Hierarchical Game-Theoretic Decision-Making for Cooperative Multiagent Systems Under the Presence of Adversarial Agents},
year = {2023},
isbn = {9781450395175},
publisher = {Association for Computing Machinery},
address = {New York, NY, USA},
url = {https://doi.org/10.1145/3555776.3577642},
doi = {10.1145/3555776.3577642},
abstract = {Underlying relationships among Multi-Agent Systems (MAS) in hazardous scenarios can be represented as Game-theoretic models. This paper proposes a new hierarchical network-based model called Game-theoretic Utility Tree (GUT), which decomposes high-level strategies into executable low-level actions for cooperative MAS decisions. It combines with a new payoff measure based on agent needs for real-time strategy games. We present an Explore game domain, where we measure the performance of MAS achieving tasks from the perspective of balancing the success probability and system costs. We evaluate the GUT approach against state-of-the-art methods that greedily rely on rewards of the composite actions. Conclusive results on extensive numerical simulations indicate that GUT can organize more complex relationships among MAS cooperation, helping the group achieve challenging tasks with lower costs and higher winning rates. Furthermore, we demonstrated the applicability of the GUT using the simulator-hardware testbed - Robotarium. The performances verified the effectiveness of the GUT in the real robot application and validated that the GUT could effectively organize MAS cooperation strategies, helping the group with fewer advantages achieve higher performance.},
booktitle = {Proceedings of the 38th ACM/SIGAPP Symposium on Applied Computing},
pages = {773â€“782},
numpages = {10},
keywords = {agent needs, hierarchical decomposition, game-theoretic, adversaries, cooperative, multi-agent systems},
location = {Tallinn, Estonia},
series = {SAC '23}
}

@inproceedings{yang2020needs,
  title={Needs-driven heterogeneous multi-robot cooperation in rescue missions},
  author={Yang, Qin and Parasuraman, Ramviyas},
  booktitle={2020 IEEE International Symposium on Safety, Security, and Rescue Robotics (SSRR)},
  pages={252--259},
  year={2020},
  organization={IEEE}
}

@inproceedings{yang2021can,
  title={How can robots trust each other for better cooperation? a relative needs entropy based robot-robot trust assessment model},
  author={Yang, Qin and Parasuraman, Ramviyas},
  booktitle={2021 IEEE International Conference on Systems, Man, and Cybernetics (SMC)},
  pages={2656--2663},
  year={2021},
  organization={IEEE}
}

@book{puterman2014markov,
  title={Markov decision processes: discrete stochastic dynamic programming},
  author={Puterman, Martin L},
  year={2014},
  publisher={John Wiley \& Sons}
}

@article{shapley1953stochastic,
  title={Stochastic games},
  author={Shapley, Lloyd S},
  journal={Proceedings of the national academy of sciences},
  volume={39},
  number={10},
  pages={1095--1100},
  year={1953},
  publisher={National Acad Sciences}
}

@incollection{littman1994markov,
  title={Markov games as a framework for multi-agent reinforcement learning},
  author={Littman, Michael L},
  booktitle={Machine learning proceedings 1994},
  pages={157--163},
  year={1994},
  publisher={Elsevier}
}

@article{lord2018autism,
  title={Autism spectrum disorder},
  author={Lord, Catherine and Elsabbagh, Mayada and Baird, Gillian and Veenstra-Vanderweele, Jeremy},
  journal={The lancet},
  volume={392},
  number={10146},
  pages={508--520},
  year={2018},
  publisher={Elsevier}
}

@article{bartl2021robot,
  title={Robot-based intervention for children with autism spectrum disorder: a systematic literature review},
  author={Bartl-Pokorny, Katrin D and Pyka{\l}a, Ma{\l}gorzata and Uluer, Pinar and Barkana, Duygun Erol and Baird, Alice and Kose, Hatice and Zorcec, Tatjana and Robins, Ben and Schuller, Bj{\"o}rn W and Landowska, Agnieszka},
  journal={IEEE Access},
  volume={9},
  pages={165433--165450},
  year={2021},
  publisher={IEEE}
}

@article{diehl2012clinical,
  title={The clinical use of robots for individuals with autism spectrum disorders: A critical review},
  author={Diehl, Joshua J and Schmitt, Lauren M and Villano, Michael and Crowell, Charles R},
  journal={Research in autism spectrum disorders},
  volume={6},
  number={1},
  pages={249--262},
  year={2012},
  publisher={Elsevier}
}

@article{clabaugh2019long,
  title={Long-term personalization of an in-home socially assistive robot for children with autism spectrum disorders},
  author={Clabaugh, Caitlyn and Mahajan, Kartik and Jain, Shomik and Pakkar, Roxanna and Becerra, David and Shi, Zhonghao and Deng, Eric and Lee, Rhianna and Ragusa, Gisele and Matari{\'c}, Maja},
  journal={Frontiers in Robotics and AI},
  volume={6},
  pages={110},
  year={2019},
  publisher={Frontiers Media SA}
}

@article{klin2009two,
  title={Two-year-olds with autism orient to non-social contingencies rather than biological motion},
  author={Klin, Ami and Lin, David J and Gorrindo, Phillip and Ramsay, Gordon and Jones, Warren},
  journal={Nature},
  volume={459},
  number={7244},
  pages={257--261},
  year={2009},
  publisher={Nature Publishing Group UK London}
}

@article{robins2006does,
  title={Does appearance matter in the interaction of children with autism with a humanoid robot?},
  author={Robins, Ben and Dautenhahn, Kerstin and Dubowski, Janek},
  journal={Interaction Studies. Social Behaviour and Communication in Biological and Artificial Systems},
  volume={7},
  number={3},
  pages={479--512},
  year={2006},
  publisher={John Benjamins Publishing Company Amsterdam/Philadephia}
}

@inproceedings{ricks2010trends,
  title={Trends and considerations in robot-assisted autism therapy},
  author={Ricks, Daniel J and Colton, Mark B},
  booktitle={2010 IEEE international conference on robotics and automation},
  pages={4354--4359},
  year={2010},
  organization={IEEE}
}

@article{esteban2017build,
  title={How to build a supervised autonomous system for robot-enhanced therapy for children with autism spectrum disorder},
  author={Esteban, Pablo G and Baxter, Paul and Belpaeme, Tony and Billing, Erik and Cai, Haibin and Cao, Hoang-Long and Coeckelbergh, Mark and Costescu, Cristina and David, Daniel and De Beir, Albert and others},
  journal={Paladyn, Journal of Behavioral Robotics},
  volume={8},
  number={1},
  pages={18--38},
  year={2017},
  publisher={De Gruyter Open}
}

@article{huijnen2016mapping,
  title={Mapping robots to therapy and educational objectives for children with autism spectrum disorder},
  author={Huijnen, Claire AGJ and Lexis, Monique AS and Jansens, Rianne and de Witte, Luc P},
  journal={Journal of autism and developmental disorders},
  volume={46},
  pages={2100--2114},
  year={2016},
  publisher={Springer}
}

@inproceedings{feil2008b,
  title={B3IA: A control architecture for autonomous robot-assisted behavior intervention for children with Autism Spectrum Disorders},
  author={Feil-Seifer, David and Mataric, Maja J},
  booktitle={RO-MAN 2008-the 17th IEEE international symposium on robot and human interactive communication},
  pages={328--333},
  year={2008},
  organization={IEEE}
}

@inproceedings{feil2009toward,
  title={Toward socially assistive robotics for augmenting interventions for children with autism spectrum disorders},
  author={Feil-Seifer, David and Matari{\'c}, Maja J},
  booktitle={Experimental Robotics: The Eleventh International Symposium},
  pages={201--210},
  year={2009},
  organization={Springer}
}

@article{anzalone2014children,
  title={How children with autism spectrum disorder behave and explore the 4-dimensional (spatial 3D+ time) environment during a joint attention induction task with a robot},
  author={Anzalone, Salvatore Maria and Tilmont, Elodie and Boucenna, Sofiane and Xavier, Jean and Jouen, Anne-Lise and Bodeau, Nicolas and Maharatna, Koushik and Chetouani, Mohamed and Cohen, David and MICHELANGELO Study Group and others},
  journal={Research in Autism Spectrum Disorders},
  volume={8},
  number={7},
  pages={814--826},
  year={2014},
  publisher={Elsevier}
}

@book{beck2020cognitive,
  title={Cognitive behavior therapy: Basics and beyond},
  author={Beck, Judith S},
  year={2020},
  publisher={Guilford Publications}
}

@article{hofmann2012efficacy,
  title={The efficacy of cognitive behavioral therapy: A review of meta-analyses},
  author={Hofmann, Stefan G and Asnaani, Anu and Vonk, Imke JJ and Sawyer, Alice T and Fang, Angela},
  journal={Cognitive therapy and research},
  volume={36},
  pages={427--440},
  year={2012},
  publisher={Springer}
}

@article{beck1964thinking,
  title={Thinking and depression: II. Theory and therapy},
  author={Beck, Aaron T},
  journal={Archives of general psychiatry},
  volume={10},
  number={6},
  pages={561--571},
  year={1964},
  publisher={American Medical Association}
}

@misc{alford1997integrative,
  title={The integrative power of cognitive therapy},
  author={Alford, Brad A and Beck, Aaron T and Jones Jr, John V},
  year={1997},
  publisher={Springer}
}

@article{ellis1962reason,
  title={Reason and emotion in psychotherapy.},
  author={Ellis, Albert},
  year={1962},
  publisher={Lyle Stuart}
}

@article{merrick2017value,
  title={Value systems for developmental cognitive robotics: A survey},
  author={Merrick, Kathryn},
  journal={Cognitive Systems Research},
  volume={41},
  pages={38--55},
  year={2017},
  publisher={Elsevier}
}

@article{asada2009cognitive,
  title={Cognitive developmental robotics: A survey},
  author={Asada, Minoru and Hosoda, Koh and Kuniyoshi, Yasuo and Ishiguro, Hiroshi and Inui, Toshio and Yoshikawa, Yuichiro and Ogino, Masaki and Yoshida, Chisato},
  journal={IEEE transactions on autonomous mental development},
  volume={1},
  number={1},
  pages={12--34},
  year={2009},
  publisher={IEEE}
}

@article{sporns2000plasticity,
  title={Plasticity in value systems and its role in adaptive behavior},
  author={Sporns, Olaf and Alm{\'a}ssy, Nikolaus and Edelman, Gerald M},
  journal={Adaptive Behavior},
  volume={8},
  number={2},
  pages={129--148},
  year={2000},
  publisher={Sage Publications Sage CA: Thousand Oaks, CA}
}

@article{khan2019edge,
  title={Edge computing: A survey},
  author={Khan, Wazir Zada and Ahmed, Ejaz and Hakak, Saqib and Yaqoob, Ibrar and Ahmed, Arif},
  journal={Future Generation Computer Systems},
  volume={97},
  pages={219--235},
  year={2019},
  publisher={Elsevier}
}

@article{shaukat2016cloudlet,
  title={Cloudlet deployment in local wireless networks: Motivation, architectures, applications, and open challenges},
  author={Shaukat, Usman and Ahmed, Ejaz and Anwar, Zahid and Xia, Feng},
  journal={Journal of Network and Computer Applications},
  volume={62},
  pages={18--40},
  year={2016},
  publisher={Elsevier}
}

@article{bao2017follow,
  title={Follow me fog: Toward seamless handover timing schemes in a fog computing environment},
  author={Bao, Wei and Yuan, Dong and Yang, Zhengjie and Wang, Shen and Li, Wei and Zhou, Bing Bing and Zomaya, Albert Y},
  journal={IEEE Communications Magazine},
  volume={55},
  number={11},
  pages={72--78},
  year={2017},
  publisher={IEEE}
}

@misc{ahmed2017mobile,
  title={Mobile edge computing: opportunities, solutions, and challenges},
  author={Ahmed, Ejaz and Rehmani, Mubashir Husain},
  journal={Future Generation Computer Systems},
  volume={70},
  pages={59--63},
  year={2017},
  publisher={Elsevier}
}

@article{wang2020convergence,
  title={Convergence of edge computing and deep learning: A comprehensive survey},
  author={Wang, Xiaofei and Han, Yiwen and Leung, Victor CM and Niyato, Dusit and Yan, Xueqiang and Chen, Xu},
  journal={IEEE Communications Surveys \& Tutorials},
  volume={22},
  number={2},
  pages={869--904},
  year={2020},
  publisher={IEEE}
}

@article{chen2019deep,
  title={Deep learning with edge computing: A review},
  author={Chen, Jiasi and Ran, Xukan},
  journal={Proceedings of the IEEE},
  volume={107},
  number={8},
  pages={1655--1674},
  year={2019},
  publisher={IEEE}
}

@article{rnic2016cognitive,
  title={Cognitive distortions, humor styles, and depression},
  author={Rnic, Katerina and Dozois, David JA and Martin, Rod A},
  journal={Europe's journal of psychology},
  volume={12},
  number={3},
  pages={348},
  year={2016},
  publisher={PsychOpen}
}

@article{bernet1993humor,
  title={Humor in evaluating and treating children and adolescents},
  author={Bernet, William},
  journal={The Journal of Psychotherapy Practice and Research},
  volume={2},
  number={4},
  pages={307},
  year={1993},
  publisher={American Psychiatric Publishing}
}

@article{southam2005humor,
  title={Humor development: An important cognitive and social skill in the growing child},
  author={Southam, Marti},
  journal={Physical \& Occupational Therapy in Pediatrics},
  volume={25},
  number={1-2},
  pages={105--117},
  year={2005},
  publisher={Taylor \& Francis}
}

@book{mcghee1979humor,
  title={Humor: Its origin and development},
  author={McGhee, Paul E and Pistolesi, Edie},
  year={1979},
  publisher={WH Freeman San Francisco}
}

@book{colledanchise2018behavior,
  title={Behavior trees in robotics and AI: An introduction},
  author={Colledanchise, Michele and {\"O}gren, Petter},
  year={2018},
  publisher={CRC Press}
}

@article{fein1981pretend,
  title={Pretend play in childhood: An integrative review},
  author={Fein, Greta G},
  journal={Child development},
  pages={1095--1118},
  year={1981},
  publisher={JSTOR}
}

@book{papalia2007human,
  title={Human development},
  author={Papalia, Diane E and Olds, Sally Wendkos and Feldman, Ruth Duskin},
  year={2007},
  publisher={McGraw-Hill}
}

@book{freud1960jokes,
  title={Jokes and their relation to the unconscious},
  author={Freud, Sigmund},
  year={1960},
  publisher={WW Norton \& Company}
}

@article{chen2018edge,
  title={Edge cognitive computing based smart healthcare system},
  author={Chen, Min and Li, Wei and Hao, Yixue and Qian, Yongfeng and Humar, Iztok},
  journal={Future Generation Computer Systems},
  volume={86},
  pages={403--411},
  year={2018},
  publisher={Elsevier}
}

@article{oueida2018edge,
  title={An edge computing based smart healthcare framework for resource management},
  author={Oueida, Soraia and Kotb, Yehia and Aloqaily, Moayad and Jararweh, Yaser and Baker, Thar},
  journal={Sensors},
  volume={18},
  number={12},
  pages={4307},
  year={2018},
  publisher={MDPI}
}

@article{hartmann2022edge,
  title={Edge computing in smart health care systems: Review, challenges, and research directions},
  author={Hartmann, Morghan and Hashmi, Umair Sajid and Imran, Ali},
  journal={Transactions on Emerging Telecommunications Technologies},
  volume={33},
  number={3},
  pages={e3710},
  year={2022},
  publisher={Wiley Online Library}
}

@article{wan2020cognitive,
  title={Cognitive computing and wireless communications on the edge for healthcare service robots},
  author={Wan, Shaohua and Gu, Zonghua and Ni, Qiang},
  journal={Computer Communications},
  volume={149},
  pages={99--106},
  year={2020},
  publisher={Elsevier}
}

@article{yvanoff2020edge,
  title={Edge computing robot interface for automatic elderly mental health care based on voice},
  author={Yvanoff-Frenchin, Camille and Ramos, Vitor and Belabed, Tarek and Valderrama, Carlos},
  journal={Electronics},
  volume={9},
  number={3},
  pages={419},
  year={2020},
  publisher={MDPI}
}

@article{groshev2023edge,
  title={Edge robotics: Are we ready? An experimental evaluation of current vision and future directions},
  author={Groshev, Milan and Baldoni, Gabriele and Cominardi, Luca and de la Oliva, Antonio and Gazda, Robert},
  journal={Digital Communications and Networks},
  volume={9},
  number={1},
  pages={166--174},
  year={2023},
  publisher={Elsevier}
}

@article{krishnasamy2020edge,
  title={Edge Computing: An overview of framework and applications},
  author={Krishnasamy, Ezhilmathi and Varrette, S{\'e}bastien and Mucciardi, Michael},
  year={2020},
  publisher={PRACE aisbl}
}

@inproceedings{bhargava2017fog,
  title={A fog computing approach for localization in WSN},
  author={Bhargava, Kriti and Ivanov, Stepan},
  booktitle={2017 IEEE 28th Annual International Symposium on Personal, Indoor, and Mobile Radio Communications (PIMRC)},
  pages={1--7},
  year={2017},
  organization={IEEE}
}

@inproceedings{yang2020hierarchical,
  title={Hierarchical needs based self-adaptive framework for cooperative multi-robot system},
  author={Yang, Qin and Parasuraman, Ramviyas},
  booktitle={2020 IEEE International Conference on Systems, Man, and Cybernetics (SMC)},
  pages={2991--2998},
  year={2020},
  organization={IEEE}
}

@article{yang2023strategy,
  title={A Strategy-Oriented Bayesian Soft Actor-Critic Model},
  author={Yang, Qin and Parasuraman, Ramviyas},
  journal={Procedia Computer Science},
  volume={220},
  pages={561--566},
  year={2023},
  publisher={Elsevier}
}

@inproceedings{yang2019self,
  title={Self-reactive planning of multi-robots with dynamic task assignments},
  author={Yang, Qin and Luo, Zhiwei and Song, Wenzhan and Parasuraman, Ramviyas},
  booktitle={2019 International Symposium on Multi-Robot and Multi-Agent Systems (MRS)},
  pages={89--91},
  year={2019},
  organization={IEEE}
}

