@article{Thodberg2017,
    author = {Thodberg, Hans Henrik and van Rijn, Rick R. and Jenni, Oskar G. and Martin, David. D.},
    title = "Automated determination of bone age from hand X-rays at the end of puberty and its applicability for age estimation",
    journal = {International Journal of Legal Medicine},
    volume = {131},
    number = {3},
    pages = {1437-1596},
    year = {2017},
    doi = {10.1007/s00414-016-1471-8}
}

@article{BrainAGE17,
title = {BrainAGE score indicates accelerated brain aging in schizophrenia, but not bipolar disorder},
journal = {Psychiatry Research: Neuroimaging},
volume = {266},
pages = {86-89},
year = {2017},
issn = {0925-4927},
doi = {https://doi.org/10.1016/j.pscychresns.2017.05.006},
author = {Igor Nenadić and Maren Dietzek and Kerstin Langbein and Heinrich Sauer and Christian Gaser}
}


@article{NeuroImage17,
title = {Predicting brain-age from multimodal imaging data captures cognitive impairment},
journal = {NeuroImage},
volume = {148},
pages = {179-188},
year = {2017},
issn = {1053-8119},
doi = {https://doi.org/10.1016/j.neuroimage.2016.11.005},
author = {Franziskus Liem and Gaël Varoquaux and Jana Kynast and Frauke Beyer and Shahrzad {Kharabian Masouleh} and Julia M. Huntenburg and Leonie Lampe and Mehdi Rahim and Alexandre Abraham and R. Cameron Craddock and Steffi Riedel-Heller and Tobias Luck and Markus Loeffler and Matthias L. Schroeter and Anja Veronica Witte and Arno Villringer and Daniel S. Margulies}
}

@article{ColeBrain17,
title = {Predicting brain age with deep learning from raw imaging data results in a reliable and heritable biomarker},
journal = {NeuroImage},
volume = {163},
pages = {115-124},
year = {2017},
issn = {1053-8119},
doi = {https://doi.org/10.1016/j.neuroimage.2017.07.059},
author = {James H. Cole and Rudra P.K. Poudel and Dimosthenis Tsagkrasoulis and Matthan W.A. Caan and Claire Steves and Tim D. Spector and Giovanni Montana}
}

@ARTICLE{EEGage19,
  author={Kaushik, Pallavi and Gupta, Anmol and Roy, Partha Pratim and Dogra, Debi Prosad},
  journal={IEEE Sensors Journal}, 
  title={EEG-Based Age and Gender Prediction Using Deep BLSTM-LSTM Network Model}, 
  year={2019},
  volume={19},
  number={7},
  pages={2634-2641},
  doi={10.1109/JSEN.2018.2885582}}


@article{methylclock20,
    author = {Pelegí-Sisó, Dolors and de Prado, Paula and Ronkainen, Justiina and Bustamante, Mariona and González, Juan R},
    title = "{methylclock: a Bioconductor package to estimate DNA methylation age}",
    journal = {Bioinformatics},
    volume = {37},
    number = {12},
    pages = {1759-1760},
    year = {2020},
    issn = {1367-4803},
    doi = {10.1093/bioinformatics/btaa825}
}

@INPROCEEDINGS{CVPRWage15,
  author={Levi, Gil and Hassncer, Tal},
  booktitle={2015 IEEE Conference on Computer Vision and Pattern Recognition Workshops (CVPRW)}, 
  title={Age and gender classification using convolutional neural networks}, 
  year={2015},
  volume={},
  number={},
  pages={34-42},
  doi={10.1109/CVPRW.2015.7301352}}


@Article{chow:68,
  author = 	 {C. K. Chow and C. N. Liu},
  title = 	 {Approximating discrete probability distributions with dependence trees},
  journal = 	 {IEEE Transactions on Information Theory},
  year = 	 {1968},
  volume = 	 {IT-14},
  number = 	 {3},
  pages = 	 {462--467}}


@Book{pearl:88,
  author = 	 {Judea Pearl},
  title = 	 {Probabilistic {R}easoning in {I}ntelligent {S}ystems: 
		  {N}etworks of {P}lausible {I}nference},
  publisher = 	 {Morgan Kaufman Publishers},
  year = 	 {1988},
  address = 	 {San Mateo, CA}
}

@article{cancer21,
author = {Lau, Chung-Ho E. and Robinson, Oliver},
title = {DNA methylation age as a biomarker for cancer},
journal = {International Journal of Cancer},
volume = {148},
number = {11},
pages = {2652-2663},
doi = {https://doi.org/10.1002/ijc.33451},
year = {2021}
}



@article{system10-20,
  title={Report of the committee on methods of clinical examination in electroencephalography},
  author={Herbert H. Jasper},
  journal={Electroencephalography and Clinical Neurophysiology},
  year={1958},
  volume={10},
  pages={370-375}
}
@article{checklist,
	author = {Weronika Hryniewska and Przemys{\l}aw Bombi{\'n}ski and Patryk Szatkowski and Paulina Tomaszewska and Artur Przelaskowski and Przemys{\l}aw Biecek},
	date-added = {2022-11-16 20:44:31 +0100},
	date-modified = {2022-11-16 20:44:31 +0100},
	doi = {https://doi.org/10.1016/j.patcog.2021.108035},
	issn = {0031-3203},
	journal = {Pattern Recognition},
	pages = {108035},
	title = {Checklist for responsible deep learning modeling of medical images based on COVID-19 detection studies},
	volume = {118},
	year = {2021},
	bdsk-url-1 = {https://www.sciencedirect.com/science/article/pii/S0031320321002223},
	bdsk-url-2 = {https://doi.org/10.1016/j.patcog.2021.108035}}

@Book{ema21,
  author = {Przemyslaw Biecek and Tomasz Burzykowski},
  title = {{Explanatory Model Analysis}},
  publisher = {Chapman and Hall/CRC, New York},
  year = {2021},
  isbn = {9780367135591},
  url = {https://pbiecek.github.io/ema/},
}

 @article{Holzinger2022,
author="Holzinger, Andreas
and Saranti, Anna
and Molnar, Christoph
and Biecek, Przemyslaw
and Samek, Wojciech",
title="Explainable AI Methods - A Brief Overview",
journal = "International Workshop on Extending Explainable AI Beyond Deep Models and Classifiers",
year="2022",
publisher="Springer International Publishing",
address="Cham",
pages="13--38",
isbn="978-3-031-04083-2",
doi="10.1007/978-3-031-04083-2_2",
url="https://doi.org/10.1007/978-3-031-04083-2_2"
}

