@inproceedings{Carreira2017quo,
  title={Quo Vadis, Action Recognition? A New Model and the Kinetics Dataset},
  author={Carreira, Joao and Zisserman, Andrew},
  booktitle={Proc. CVPR},
  pages={6299--6308},
  year={2017}
}
@inproceedings{Ren2015faster,
  title={Faster R-CNN: Towards Real-Time Object Detection with Region Proposal Networks},
  author={Ren, Shaoqing and He, Kaiming and Girshick, Ross and Sun, Jian},
  booktitle={Proc. NIPS},
  volume={28},
  pages={91--99},
  year={2015}
}
@article{Raghu2021vision,
  title={Do Vision Transformers See Like Convolutional Neural Networks?},
  author={Raghu, Maithra and Unterthiner, Thomas and Kornblith, Simon and Zhang, Chiyuan and Dosovitskiy, Alexey},
  journal={arXiv preprint arXiv:2108.08810},
  year={2021}
}
@inproceedings{Hershey2017cnn,
  title={CNN Architectures for Large-Scale Audio Classification},
  author={Hershey, Shawn and Chaudhuri, Sourish and Ellis, Daniel PW and Gemmeke, Jort F and Jansen, Aren and Moore, R Channing and Plakal, Manoj and Platt, Devin and Saurous, Rif A and Seybold, Bryan and others},
  booktitle={Proc. ICASSP},
  pages={131--135},
  year={2017}
}
@article{Radford2019language,
  title={Language Models are Unsupervised Multitask Learners},
  author={Radford, Alec and Wu, Jeffrey and Child, Rewon and Luan, David and Amodei, Dario and Sutskever, Ilya and others},
  journal={OpenAI blog},
  volume={1},
  number={8},
  pages={9},
  year={2019}
}
@inproceedings{Das2017visual,
  title={Visual Dialog},
  author={Das, Abhishek and Kottur, Satwik and Gupta, Khushi and Singh, Avi and Yadav, Deshraj and Moura, Jos{\'e} MF and Parikh, Devi and Batra, Dhruv},
  booktitle={Proc. CVPR},
  pages={326--335},
  year={2017}
}
@inproceedings{Qi2020two,
  title={{Two Causal Principles for Improving Visual Dialog}},
  author={Qi, Jiaxin and Niu, Yulei and Huang, Jianqiang and Zhang, Hanwang},
  booktitle={Proc. CVPR},
  pages={10860--10869},
  year={2020}
}
@inproceedings{Loshchilov2017decoupled,
  title={{Decoupled Weight Decay Regularization}},
  author={Loshchilov, Ilya and Hutter, Frank},
  booktitle = {Proc. ICLR},
  year={2019}
}
@inproceedings{Miech2019howto100m,
  title={{HowTo100M: Learning a Text-Video Embedding by Watching Hundred Million Narrated Video Clips}},
  author={Miech, Antoine and Zhukov, Dimitri and Alayrac, Jean-Baptiste and Tapaswi, Makarand and Laptev, Ivan and Sivic, Josef},
  booktitle={Proc. ICCV},
  pages={2630--2640},
  year={2019}
}
@article{Xu2021beyond,
  title={Beyond Goldfish Memory: Long-Term Open-Domain Conversation},
  author={Xu, Jing and Szlam, Arthur and Weston, Jason},
  journal={arXiv preprint arXiv:2107.07567},
  year={2021}
}
@inproceedings{Heck2020trippy,
  title={TripPy: A Triple Copy Strategy for Value Independent Neural Dialog State Tracking},
  author={Heck, Michael and van Niekerk, Carel and Lubis, Nurul and Geishauser, Christian and Lin, Hsien-Chin and Moresi, Marco and Ga{\v{s}}i{\'c}, Milica},
  booktitle = {Proc. SIGDIAL},
  pages = {35--44},
  year={2020}
}
@article{Mostafazadeh2017image,
  title={Image-grounded conversations: Multimodal context for natural question and response generation},
  author={Mostafazadeh, Nasrin and Brockett, Chris and Dolan, Bill and Galley, Michel and Gao, Jianfeng and Spithourakis, Georgios P and Vanderwende, Lucy},
  journal={arXiv preprint arXiv:1701.08251},
  year={2017}
}
@article{Kottur2021simmc,
  title={SIMMC 2.0: A Task-oriented Dialog Dataset for Immersive Multimodal Conversations},
  author={Kottur, Satwik and Moon, Seungwhan and Geramifard, Alborz and Damavandi, Babak},
  journal={arXiv preprint arXiv:2104.08667},
  year={2021}
}
@inproceedings{Dosovitskiy2020image,
  title={An Image is Worth 16x16 Words: Transformers for Image Recognition at Scale},
  author={Dosovitskiy, Alexey and Beyer, Lucas and Kolesnikov, Alexander and Weissenborn, Dirk and Zhai, Xiaohua and Unterthiner, Thomas and Dehghani, Mostafa and Minderer, Matthias and Heigold, Georg and Gelly, Sylvain and others},
  booktitle={Proc. ICLR},
  year={2020}
}
@article{Shah2021audio,
  title={Audio-Visual Scene-Aware Dialog and Reasoning using Audio-Visual Transformers with Joint Student-Teacher Learning},
  author={Shah, Ankit P and Geng, Shijie and Gao, Peng and Cherian, Anoop and Hori, Takaaki and Marks, Tim K and Roux, Jonathan Le and Hori, Chiori},
  journal={arXiv preprint arXiv:2110.06894},
  year={2021}
}
@inproceedings{Devlin2018bert,
  title={{BERT}: Pre-training of Deep Bidirectional Transformers for Language Understanding},
  author={Devlin, Jacob and Chang, Ming-Wei and Lee, Kenton and Toutanova, Kristina},
  booktitle={Proc. NAACL-HLT},
  pages={4171--4186},
  year={2019}
}
@inproceedings{Wolf2020transformers,
    title = "Transformers: State-of-the-Art Natural Language Processing",
    author = "Thomas Wolf and Lysandre Debut and Victor Sanh and Julien Chaumond and Clement Delangue and Anthony Moi and Pierric Cistac and Tim Rault and Rémi Louf and Morgan Funtowicz and Joe Davison and Sam Shleifer and Patrick von Platen and Clara Ma and Yacine Jernite and Julien Plu and Canwen Xu and Teven Le Scao and Sylvain Gugger and Mariama Drame and Quentin Lhoest and Alexander M. Rush",
    booktitle = "Proc. EMNLP",
    month = oct,
    year = "2020",
    url = "https://www.aclweb.org/anthology/2020.emnlp-demos.6",
    pages = "38--45"
}
@inproceedings{Hara2018can,
  title={Can Spatiotemporal 3D CNNs Retrace the History of 2D CNNs and ImageNet?},
  author={Hara, Kensho and Kataoka, Hirokatsu and Satoh, Yutaka},
  booktitle={Proc. CVPR},
  pages={6546--6555},
  year={2018}
}
@inproceedings{He2015deep,
	author = {Kaiming He and Xiangyu Zhang and Shaoqing Ren and Jian Sun},
	title = {Deep Residual Learning for Image Recognition},
	booktitle = {Proc. CVPR},
	pages = {770--778},
	year = {2016}
}
@inproceedings{Xie2017aggregated,
  title={Aggregated Residual Transformations for Deep Neural Networks},
  author={Xie, Saining and Girshick, Ross and Doll{\'a}r, Piotr and Tu, Zhuowen and He, Kaiming},
  booktitle={Proc. CVPR},
  pages={1492--1500},
  year={2017}
}
@article{Wu2016googles,
      title={Google's Neural Machine Translation System: Bridging the Gap between Human and Machine Translation}, 
      author={Yonghui Wu and Mike Schuster and Zhifeng Chen and Quoc V. Le and Mohammad Norouzi and Wolfgang Macherey and Maxim Krikun and Yuan Cao and Qin Gao and Klaus Macherey and Jeff Klingner and Apurva Shah and Melvin Johnson and Xiaobing Liu and Łukasz Kaiser and Stephan Gouws and Yoshikiyo Kato and Taku Kudo and Hideto Kazawa and Keith Stevens and George Kurian and Nishant Patil and Wei Wang and Cliff Young and Jason Smith and Jason Riesa and Alex Rudnick and Oriol Vinyals and Greg Corrado and Macduff Hughes and Jeffrey Dean},
      year={2016},
      eprint={1609.08144},
      archivePrefix={arXiv},
      primaryClass={cs.CL},
      journal= {arXiv preprint arXiv:1609.08144}
}