@article{mcdermott1998pddl,
  title={PDDL -- the planning domain definition language},
  author={McDermott, Drew and Ghallab, Malik and Howe, Adele and Knoblock, Craig and Ram, Ashwin and Veloso, Manuela and Weld, Daniel and Wilkins, David},
  year={1998}
}

@article{chrpa2010generation,
  title={Generation of macro-operators via investigation of action dependencies in plans},
  author={Chrpa, Luk{\'a}{\v{s}}},
  journal={The Knowledge Engineering Review},
  volume={25},
  number={3},
  pages={281--297},
  year={2010}
}

@article{korf1985macro,
  title={Macro-operators: A weak method for learning},
  author={Korf, Richard E},
  journal={Artificial intelligence},
  volume={26},
  number={1},
  pages={35--77},
  year={1985}
}

@article{blum1997fast,
  title={Fast planning through planning graph analysis},
  author={Blum, Avrim L and Furst, Merrick L},
  journal={Artificial intelligence},
  volume={90},
  number={1-2},
  pages={281--300},
  year={1997}
}

@inproceedings{haslum2000admissible,
  title={Admissible heuristics for optimal planning},
  author={Patrick Haslum, Hecktor Geffner},
  booktitle={International Conference of AI Planning Systems (AIPS)},
  pages={140--149},
  year={2000}
}

@inproceedings{haslum2005new,
  title={New admissible heuristics for domain-independent planning},
  author={Haslum, Patrik and Bonet, Blai and Geffner, H{\'e}ctor and others},
  booktitle={AAAI},
  volume={5},
  pages={9--13},
  year={2005}
}


@inproceedings{gnad2016partial,
  title={Partial delete relaxation, unchained: On intractable red-black planning and its applications},
  author={Gnad, Daniel and Steinmetz, Marcel and Jany, Math{\"a}us and Hoffmann, J{\"o}rg and Serina, Ivan and Gerevini, Alfonso},
  booktitle={Annual Symposium on Combinatorial Search ({SoCS})},
  year={2016}
}


@article{keyder2009soft,
  title={Soft goals can be compiled away},
  author={Keyder, Emil and Geffner, Hector},
  journal={Journal of Artificial Intelligence Research},
  volume={36},
  pages={547--556},
  year={2009}
}

@inproceedings{brafman2012multi,
  title={A Multi-Path Compilation Approach to Contingent Planning.},
  author={Brafman, Ronen I and Shani, Guy},
  booktitle={AAAI},
  year={2012}
}

@article{palacios2009compiling,
  title={Compiling uncertainty away in conformant planning problems with bounded width},
  author={Palacios, Hector and Geffner, Hector},
  journal={Journal of Artificial Intelligence Research},
  volume={35},
  pages={623--675},
  year={2009}
}


@inproceedings{maliah2016projections,
  author    = {Shlomi Maliah and
               Guy Shani and
               Roni Stern},
  title     = {Stronger Privacy Preserving Projections for Multi-Agent Planning},
  booktitle = {the International Conference on Automated
               Planning and Scheduling ({ICAPS})},
  pages     = {221--229},
  year      = {2016}
}

@inproceedings{maliah2016privacy,
  title={Privacy Preserving LAMA},
  author    = {Shlomi Maliah and
               Guy Shani and
               Roni Stern},
  booktitle={ICAPS workshop on Distributed and Multi-Agent Planning (DMAP)},
	year={2016}
}


@inproceedings{mcallester1991systematic,
  author    = {David A. McAllester and
               David Rosenblitt},
  title     = {Systematic Nonlinear Planning},
  booktitle = {AAAI},
  pages     = {634--639},
  year      = {1991}
}


@article{helmert2006fast,
  title={The Fast Downward Planning System},
  author={Helmert, Malte},
  journal={JAIR},
  volume={26},
  pages={191--246},
  year={2006}
}


@article{jakubuv2015multiagent,
  title={Multiagent Planning by Plan Set Intersection and Plan Verification},
  author={Jakubuv, Jan and Tozicka, Jan and Komenda, Anton{\i}n},
  journal={ICAART},
  volume={15},
  year={2015}
}


@article{tozicka2015internally,
  title={On Internally Dependent Public Actions in Multiagent Planning},
  author={Tozicka, Jan and Jakubuv, Jan and Komenda, Anton{\i}n},
  journal={Distributed and Multi-Agent Planning (DMAP-15)},
  pages={18},
  year={2015}
}


@inproceedings{Rintanen,
  author    = {Jussi Rintanen},
  title     = {Regression for Classical and Nondeterministic Planning},
  booktitle = {European Conference on Artificial Intelligence ({ECAI})},
  pages     = {568--572},
  year      = {2008}
}

@inproceedings{MuiseMB14,
  author    = {Christian J. Muise and
               Sheila A. McIlraith and
               Vaishak Belle},
  title     = {Non-Deterministic Planning With Conditional Effects},
  booktitle = {the International Conference on Automated
               Planning and Scheduling, {ICAPS}},
  year      = {2014}
 }
@phdthesis{Sondik,
    address = {United States -- California},
    author = {Sondik, Edward J.},
    school = {Stanford University},
    title = {{The Optimal Control of Partially Observable Markov Processes}},
    year = {1971}
}
@inproceedings{Albore,
  author    = {Alexandre Albore and
               H{\'{e}}ctor Palacios and
               Hector Geffner},
  title     = {A Translation-Based Approach to Contingent Planning},
  booktitle = {{IJCAI} 2009, Proceedings of the 21st International Joint Conference
               on Artificial Intelligence, Pasadena, California, USA, July 11-17,
               2009},
  pages     = {1623--1628},
  year      = {2009}
}


 @article{Bernstein,
   title={{The complexity of decentralized control of Markov decision processes}},
  author    = {Daniel S. Bernstein and
  				Robert Givan and
               Shlomo Zilberstein and
               Neil Immerman},
   journal={Mathematics of Operations Research},
   pages={819--840},
   year={2002},
   publisher={Institute for Operations Research and the Management Sciences}
 }
 

@inproceedings{QDec-POMDP,
  author    = {Ronen I. Brafman and
               Guy Shani and
               Shlomo Zilberstein},
  title     = {Qualitative Planning under Partial Observability in Multi-Agent Domains},
  booktitle = {Proceedings of the Twenty-Seventh {AAAI} Conference on Artificial
               Intelligence, July 14-18, 2013, Bellevue, Washington, {USA.}},
  year      = {2013}
}

@inproceedings{Brafman15,
  author    = {Ronen I. Brafman},
  title     = {A Privacy Preserving Algorithm for Multi-Agent Planning and Search},
  booktitle = {{IJCAI}},
  pages     = {1530--1536},
  year      = {2015}
}



@inproceedings{tozicak2015onInternally,
  title={On Internally Dependent Public Actions in Multiagent Planning},
  author    = {Jan Tozicka and Jan Jakubuv and Anton√≠n Komenda},
  booktitle={ICAPS workshop on Distributed and Multi-Agent Planning (DMAP)},
	year={2015}
}

@inproceedings{grinshpoun2014aPrivacy,
 author = {Grinshpoun, Tal and Tassa, Tamir},
 title = {A Privacy-preserving Algorithm for Distributed Constraint Optimization},
 booktitle = {International Conference on Autonomous Agents and Multi-agent Systems (AAMAS)},
 year = {2014},
 pages = {909--916}
} 



@inproceedings{crosby2014temporal,
  title={Temporal Multiagent Planning with Concurrent Action Constraints},
  author={Crosby, Matthew and Petrick, Ronald PA},
  booktitle={ICAPS workshop on Distributed and Multi-Agent Planning (DMAP)},
	year={2014}
}

@inproceedings{luis2014planMerging,
  title={Plan Merging by Reuse for Multi-Agent Planning},
  author={Nerea Luis and Daniel Borrajo},
  booktitle={DMAP--ICAPS},
	year={2014}
}



@article{crosby2014single,
  title={A Single-Agent Approach to Multiagent Planning},
  author={Crosby, Matthew and Jonsson, Anders and Rovatsos, Michael},
  journal={European Conference on Artificial Intelligence (ECAI)},
  volume={263},
  pages={237},
  year={2014}
}


@inproceedings{alcazar2013revisiting,
  title={Revisiting regression in planning},
  author={Alc{\'a}zar, Vidal and Borrajo, Daniel and Fern{\'a}ndez, Susana and Fuentetaja, Raquel},
  booktitle={International Joint Conference on Artificial Intelligence (IJCAI)},
  pages={2254--2260},
  year={2013}
}


@inproceedings{nissim2010general,
  title={A general, fully distributed multi-agent planning algorithm},
  author={Nissim, Raz and Brafman, Ronen I and Domshlak, Carmel},
  booktitle={AAMAS},
  pages={1323--1330},
  year={2010}
}


@article{vstolba2015competition,
  title={Competition of Distributed and Multiagent Planners (CoDMAP)},
  author={{\v{S}}tolba, Michal and Komenda, Anton{\i}n and Kovacs, Daniel L},
  journal={The International Planning Competition (WIPC-15)},
  pages={24},
  year={2015}
}

@inproceedings{tovzivcka2014generating,
  title={Generating Multi-Agent Plans by Distributed Intersection of Finite State Machines},
  author={Tozicka, Jan and Jakubuv, Jan and Komenda, Anton{\'\i}n},
  booktitle={ECAI},
  year={2014}
}


@inproceedings{DBLP:conf/ecai/TozickaJK14,
  author    = {Jan Tozicka and
               Jan Jakubuv and
               Anton{\'{\i}}n Komenda},
  title     = {Generating Multi-Agent Plans by Distributed Intersection of Finite
               State Machines},
  booktitle = {European Conference on Artificial Intelligence (ECAI)},
  pages     = {1111--1112},
  year      = {2014}
}




@article{BrafmanD13,
  author    = {Ronen I. Brafman and
               Carmel Domshlak},
  title     = {On the complexity of planning for agent teams and its implications for single agent planning},
  journal   = {Artificial Intelligence},
  volume    = {198},
  pages     = {52--71},
  year      = {2013}
}

@inproceedings{vstolba2014relaxation,
  title={Relaxation Heuristics for Multiagent Planning},
  author={{\v{S}}tolba, Michal and Komenda, Anton{\'\i}n},
  booktitle={ICAPS},
  year={2014}
}

@inproceedings{tozicka2017theLimits,
  title={The Limits of Strong Privacy Preserving Multi-Agent Planning},
  author={Tozicka, Jan and {\v{S}}tolba, Michal and Komenda, Anton{\'\i}n},
  booktitle={ICAPS},
  year={2017}
}




@inproceedings{vstolba2015admissible,
  title={Admissible Landmark Heuristic for Multi-Agent Planning},
  author={{\v{S}}tolba, Michal and Fi{\v{s}}er, Daniel and Komenda, Anton{\'\i}n},
  booktitle={ICAPS},
  year={2015}
}

@incollection{georgeff1999belief,
  title={The belief-desire-intention model of agency},
  author={Georgeff, Michael and Pell, Barney and Pollack, Martha and Tambe, Milind and Wooldridge, Michael},
  booktitle={Intelligent Agents V: Agents Theories, Architectures, and Languages},
  pages={1--10},
  year={1999},
  publisher={Springer}
}

@article{bratman1987intention,
  title={Intention, plans, and practical reason},
  author={Bratman, Michael},
  year={1987}
}

@article{cohen1990intention,
  title={Intention is choice with commitment},
  author={Cohen, Philip R and Levesque, Hector J},
  journal={Artificial Intelligence},
  volume={42},
  number={2-3},
  pages={213--261},
  year={1990}
}


@misc{kovacs2015completeBNF,
  author = {Kovacs, Daniel L},
  title = {{Complete BNF definition of MA-PDDL with privacy}},
  howpublished = "\url{http://agents.fel.cvut.cz/codmap/MA-PDDL-BNF-20150221.pdf}",
  year = {2015}
}

@inproceedings{kovacs2012multi,
  title={A Multi-Agent Extension of PDDL3.1},
  author={Kovacs, Daniel L},
  booktitle={Workshop on the International Planning Competition (IPC) ICAPS},
  pages={19--27},
  year={2012}
}



@article{boutilier2001partial,
  title={Partial-order planning with concurrent interacting actions},
  author={Boutilier, Craig and Brafman, Ronen I},
  journal={Journal of Artificial Intelligence Research},
  pages={105--136},
  year={2001}
}


@article{omidshafiei2015decentralized,
  title={Decentralized Control of Partially Observable Markov Decision Processes using Belief Space Macro-actions},
  author={Omidshafiei, Shayegan and Agha-mohammadi, Ali-akbar and Amato, Christopher and How, Jonathan P},
  journal={IEEE International Conference on Robotics and Automation (ICRA)},
  year={2015}
}


@article{amato2010optimizing,
  title={Optimizing fixed-size stochastic controllers for POMDPs and decentralized POMDPs},
  author={Amato, Christopher and Bernstein, Daniel S and Zilberstein, Shlomo},
  journal={Autonomous Agents and Multi-Agent Systems},
  volume={21},
  number={3},
  pages={293--320},
  year={2010}
}

@inproceedings{meuleau1999learning,
  title={Learning finite-state controllers for partially observable environments},
  author={Meuleau, Nicolas and Peshkin, Leonid and Kim, Kee-Eung and Kaelbling, Leslie Pack},
  booktitle={conference on Uncertainty in artificial intelligence (UAI)},
  pages={427--436},
  year={1999}
}

@inproceedings{keller2013trial,
  title={Trial-Based Heuristic Tree Search for Finite Horizon MDPs.},
  author={Keller, Thomas and Helmert, Malte},
  booktitle={ICAPS},
  year={2013}
}

@article{hansen2001lao,
  title={{LAO‚àó}: A heuristic search algorithm that finds solutions with loops},
  author={Hansen, Eric A and Zilberstein, Shlomo},
  journal={Artificial Intelligence},
  volume={129},
  number={1},
  pages={35--62},
  year={2001},
  publisher={Elsevier}
}

@inproceedings{boutilier1996planning,
  title={Planning, learning and coordination in multiagent decision processes},
  author={Boutilier, Craig},
  booktitle={the conference on Theoretical aspects of rationality and knowledge},
  pages={195--210},
  year={1996}
}

@article{helmert2014merge,
  author    = {Malte Helmert and
               Patrik Haslum and
               J{\"{o}}rg Hoffmann and
               Raz Nissim},
  title     = {Merge-and-Shrink Abstraction: {A} Method for Generating Lower Bounds
               in Factored State Spaces},
  journal   = {J. {ACM}},
  volume    = {61},
  number    = {3},
  year      = {2014}
}

@article{hoffmann2005ignoring,
  title={Where 'Ignoring Delete Lists' Works: Local Search Topology in Planning Benchmarks},
  author={Hoffmann, J{\"o}rg},
  journal={Journal of Artificial Intelligence Research},
  pages={685--758},
  year={2005}
}



@article{torreno2014aFlexible,
  author    = {Alejandro Torre{\~{n}}o and
               Eva Onaindia and
               Oscar Sapena},
  title     = {A flexible coupling approach to multi-agent planning under incomplete information},
  journal   = {Knowledge and Information Systems},
  volume    = {38},
  number    = {1},
  pages     = {141--178},
  year      = {2014}
}

 @inproceedings{torreno2012anApproach,
  title={An approach to multi-agent planning with incomplete information.},
  author={Torre{\~n}o, Alejandro and Onaindia, Eva and Sapena, {\'O}scar},
  booktitle={ECAI},
  pages={762--767},
  year={2012}
}

@inproceedings{pommerening2013getting,
 author = {Pommerening, Florian and R\"{o}ger, Gabriele and Helmert, Malte},
 title = {Getting the Most out of Pattern Databases for Classical Planning},
 booktitle = {IJCAI},
 year = {2013},
 pages = {2357--2364}
} 


@article{grinshpoun2013asymmetric,
  title={Asymmetric distributed constraint optimization problems},
  author={Grinshpoun, Tal and Grubshtein, Alon and Zivan, Roie and Netzer, Arnon and Meisels, Amnon},
  journal={Journal of Artificial Intelligence Research},
  pages={613--647},
  year={2013}
}


@article{yeoh2010bnb,
  title={BnB-ADOPT: An Asynchronous Branch-and-Bound DCOP Algorithm},
  author={Yeoh, William and Felner, Ariel and Koenig, Sven},
  journal={Journal of Artificial Intelligence Research},
  volume={38},
  pages={85--133},
  year={2010}
}








@article{hart1968formal,
  title={A formal basis for the heuristic determination of minimum cost paths},
  author={Hart, Peter E and Nilsson, Nils J and Raphael, Bertram},
  journal={Systems Science and Cybernetics, IEEE Transactions on},
  volume={4},
  number={2},
  pages={100--107},
  year={1968},
  publisher={IEEE}
}

@inproceedings{brafman2008one,
  title={From One to Many: Planning for Loosely Coupled Multi-Agent Systems.},
  author={Brafman, Ronen I and Domshlak, Carmel},
  booktitle={ICAPS},
  pages={28--35},
  year={2008}
}


@article{backstrom1998computational,
  title={Computational aspects of reordering plans},
  author={B{\"a}ckstr{\"o}m, Christer},
  journal={Journal of Artificial Intelligence Research (JAIR)},
  volume={9},
  number={1},
  pages={99--137},
  year={1998}
}

@article{bonet2001planning,
  title={Planning as heuristic search},
  author={Bonet, Blai and Geffner, H{\'e}ctor},
  journal={Artificial Intelligence},
  volume={129},
  number={1},
  pages={5--33},
  year={2001}
}

@article{bylander1994computational,
  title={{The computational complexity of propositional STRIPS planning}},
  author={Bylander, Tom},
  journal={Artificial Intelligence},
  volume={69},
  number={1},
  pages={165--204},
  year={1994}
}

@inproceedings{helmert2009landmarks,
  title={Landmarks, Critical Paths and Abstractions: What's the Difference Anyway?},
  author={Helmert, Malte and Domshlak, Carmel},
  booktitle={ICAPS},
  year={2009}
}

@article{felner2004additive,
  title={Additive pattern database heuristics},
  author={Felner, Ariel and Korf, Richard E and Hanan, Sarit},
  journal={Journal of Artificial Intelligence Research (JAIR)},
  volume={22},
  pages={279--318},
  year={2004}
}


@article{culberson1998pattern,
  title={Pattern databases},
  author={Culberson, Joseph C and Schaeffer, Jonathan},
  journal={Computational Intelligence},
  volume={14},
  number={3},
  pages={318--334},
  year={1998}
}



@inproceedings{edelkamp2001planning,
  title={Planning with pattern databases},
  author={Edelkamp, Stefan},
  booktitle={ECP},
  pages={13--34},
  year={2001}
}



@inproceedings{roger2010theMore,
  author    = {Gabriele R{\"{o}}ger and
               Malte Helmert},
  title     = {The More, the Merrier: Combining Heuristic Estimators for Satisficing Planning},
  booktitle = {ICAPS},
  year      = {2010},
  pages     = {246--249}
}

@inproceedings{valenzano2010simultaneously,
  author    = {Richard Anthony Valenzano and
               Nathan R. Sturtevant and
               Jonathan Schaeffer and
               Karen Buro and
               Akihiro Kishimoto},
  title     = {Simultaneously Searching with Multiple Settings: An Alternative to
               Parameter Tuning for Suboptimal Single-Agent Search Algorithms},
  booktitle = {ICAPS},
  year      = {2010},
  pages     = {177--184}
}

@inproceedings{luis2014plan,
  title={Plan Merging by Reuse for Multi-Agent Planning},
  author={Luis, Nerea and Borrajo, Daniel},
  booktitle={ICAPS workshop on Distributed and Multi-Agent Planning (DMAP)},
  year={2014}
}

@inproceedings{bonisoli2014privacy,
  title={A Privacy-preserving Model for the Multi-agent Propositional Planning Problem},
  author={Bonisoli, Andrea and Gerevini, Alfonso E and Saetti, Alessandro and Serina, Ivan},
  booktitle={ICAPS workshop on Distributed and Multi-Agent Planning (DMAP)},
  year={2014}
}


@inproceedings{PPLAMA,
  author    = {Shlomi Maliah and
               Guy Shani and
               Roni Stern},
  title     = {Privacy Preserving LAMA},
  booktitle = {ICAPS Workshop on Distributed and Multi-Agent Planning (DMAP)},
  year      = {2016}
}

@inproceedings{maliah2014privacyPreserving,
  author    = {Shlomi Maliah and
               Guy Shani and
               Roni Stern},
  title     = {Privacy Preserving Landmark Detection},
  booktitle = {the European Conference on Artificial Intelligence ({ECAI})},
  year      = {2014},
  pages     = {597--602}
}

@inproceedings{bonet2010strengthening,
  title={Strengthening Landmark Heuristics via Hitting Sets.},
  author={Bonet, Blai and Helmert, Malte},
  booktitle={ECAI},
  pages={329--334},
  year={2010}
}

@article{richter2010lama,
  title={{The LAMA planner: Guiding cost-based anytime planning with landmarks}},
  author={Richter, Silvia and Westphal, Matthias},
  journal={Journal of Artificial Intelligence Research (JAIR)},
  volume={39},
  number={1},
  pages={127--177},
  year={2010}
}

@inproceedings{richter2008landmarks,
  title={Landmarks Revisited.},
  author={Richter, Silvia and Helmert, Malte and Westphal, Matthias},
  booktitle={AAAI},
  volume={8},
  pages={975--982},
  year={2008}
}

@article{hoffmann2004ordered,
  title={Ordered landmarks in planning},
  author={Hoffmann, J. and Porteous, J. and Sebastia, L.},
  journal={Journal of Artificial Intelligence Research (JAIR)},
  volume={22},
  pages={215--278},
  year={2004}
}


@inproceedings{porteous2001extraction,
  title={On the extraction, ordering, and usage of landmarks in planning},
  author={Porteous, J. and Sebastia, L. and Hoffmann, J.},
  booktitle={European Conference on Planning (ECP)},
  year={2001}
}

@inproceedings{karpas2009costOptimal,
  author    = {E. Karpas and
               C. Domshlak},
  title     = {Cost-Optimal Planning with Landmarks},
  booktitle = {IJCAI},
  year      = {2009},
  pages     = {1728--1733}
}

@article{nissim2014distributed,
  author    = {Raz Nissim and
               Ronen I. Brafman},
  title     = {Distributed Heuristic Forward Search for Multi-agent Planning},
  journal={JAIR},
  year      = {2014},
  volume    = {51},
  pages     = {293--332}
}



@inproceedings{greenstadt2007ssdpop,
  author    = {R. Greenstadt and
               B. J. Grosz and
               M. D. Smith},
  title     = {{SSDPOP: improving the privacy of DCOP with secret sharing}},
  booktitle = {AAMAS},
  year      = {2007}
}

@article{etzioni1994statistical,
  title={Statistical methods for analyzing speedup learning experiments},
  author={Etzioni, O. and Etzioni, R.},
  journal={Machine Learning},
  volume={14},
  number={3},
  pages={333--347},
  year={1994},
  publisher={Springer}
}

@article{hoffmann2001ff,
  title={{FF: The fast-forward planning system}},
  author={Hoffmann, J.},
  journal={AI magazine},
  volume={22},
  number={3},
  pages={57},
  year={2001}
}

@inproceedings{nissim2012multi-agent,
  author = {Nissim, R. and Brafman, R. I.},
  booktitle = {AAMAS},
  pages = {1265--1266},
  title = {{Multi-agent A* for parallel and distributed systems}},
	year={2012}
}

@inproceedings{nissim2013cost,
  title={Cost-Optimal Planning by Self-Interested Agents},
  author={Nissim, R. and Brafman, R. I.},
  booktitle={AAAI},
  year={2013}
}



@inproceedings{amir2013collaborative,
  title={Collaborative health care plan support},
  author={Amir, O. and Grosz, B. J. and Law, E. and Stern, R.},
  booktitle={Proceedings of the 12th international conference on Autonomous agents and multi-agent systems},
  pages={793--796},
  year={2013},
}

@inproceedings{geib2001plan,
  title={Plan recognition in intrusion detection systems},
  author={Geib, C. W. and Goldman, R. P.},
  booktitle={DARPA Information Survivability Conference \& Exposition II, 2001. DISCEX'01. Proceedings},
  volume={1},
  pages={46--55},
  year={2001},
}
@inproceedings{amir2011plan,
  title={Plan recognition in virtual laboratories},
  author={Amir, Ofra and Gal, Ya'akov},
  booktitle={Proceedings of the 22nd international joint conference on Artificial Intelligence},
  pages={2392--2397},
  year={2011},
}

@inproceedings{simari2006relationship,
  title={{On the relationship between MDPs and the BDI architecture}},
  author={Simari, Gerardo I and Parsons, Simon},
  booktitle={Proceedings of the fifth international joint conference on Autonomous agents and multiagent systems},
  pages={1041--1048},
  year={2006},
  organization={ACM}
}

@inproceedings{pereira2008constructing,
  title={Constructing BDI plans from optimal POMDP policies, with an application to agentspeak programming},
  author={Pereira, Diego Rodrigues and Gon{\c{c}}alves, Luciano Vargas and Dimuro, Gra{\c{c}}aliz Pereira and Costa, ACR},
  booktitle={Proc. of Conf. Latinoamerica de Inform{\'a}tica, CLEI},
  volume={8},
  pages={240--249},
  year={2008}
}

@incollection{schut2002partially,
  title={On partially observable MDPs and BDI models},
  author={Schut, Martijn and Wooldridge, Michael and Parsons, Simon},
  booktitle={Foundations and Applications of Multi-Agent Systems},
  pages={243--259},
  year={2002},
  publisher={Springer}
}

@incollection{maheswaran2004adjustable,
  title={Adjustable autonomy challenges in personal assistant agents: A position paper},
  author={Maheswaran, Rajiv T and Tambe, Milind and Varakantham, Pradeep and Myers, Karen},
  booktitle={Agents and Computational Autonomy},
  pages={187--194},
  year={2004},
  publisher={Springer}
}

@inproceedings{carlin2009myopic,
  title={Myopic and non-myopic communication under partial observability},
  author={Carlin, Alan and Zilberstein, Shlomo},
  booktitle={Web Intelligence and Intelligent Agent Technologies, 2009. WI-IAT'09. IEEE/WIC/ACM International Joint Conferences on},
  volume={2},
  pages={331--338},
  year={2009},
  organization={IET}
}

@inproceedings{emery2005game,
  title={Game theoretic control for robot teams},
  author={Emery-Montemerlo, Rosemary and Gordon, Geoff and Schneider, Jeff and Thrun, Sebastian},
  booktitle={Robotics and Automation, 2005. ICRA 2005. Proceedings of the 2005 IEEE International Conference on},
  pages={1163--1169},
  year={2005},
  organization={IEEE}
}

@inproceedings{oliehoek2007dec,
  title={Dec-POMDPs with delayed communication},
  author={Oliehoek, Frans A and Spaan, Matthijs TJ and Vlassis, Nikos},
  booktitle={The 2nd Workshop on Multi-agent Sequential Decision-Making in Uncertain Domains},
  year={2007}
}

@inproceedings{xuan2001communication,
  title={Communication decisions in multi-agent cooperation: Model and experiments},
  author={Xuan, Ping and Lesser, Victor and Zilberstein, Shlomo},
  booktitle={Proceedings of the fifth international conference on Autonomous agents},
  pages={616--623},
  year={2001},
  organization={ACM}
}

@inproceedings{wu2009multi,
  title={Multi-Agent Online Planning with Communication.},
  author={Wu, Feng and Zilberstein, Shlomo and Chen, Xiaoping},
  booktitle={ICAPS},
  year={2009}
}

@inproceedings{spaan2006decentralized,
  title={Decentralized planning under uncertainty for teams of communicating agents},
  author={Spaan, Matthijs TJ and Gordon, Geoffrey J and Vlassis, Nikos},
  booktitle={Proceedings of the fifth international joint conference on Autonomous agents and multiagent systems},
  pages={249--256},
  year={2006},
  organization={ACM}
}

@inproceedings{goldman2003optimizing,
  title={Optimizing information exchange in cooperative multi-agent systems},
  author={Goldman, Claudia V and Zilberstein, Shlomo},
  booktitle={Proceedings of the second international joint conference on Autonomous agents and multiagent systems},
  pages={137--144},
  year={2003},
  organization={ACM}
}

@inproceedings{nair2003integrating,
  title={Integrating belief-desire-intention approaches with POMDPs: The case of team-oriented programs},
  author={Nair, Ranjit and Tambe, Milind and Marsella, Stacy},
  booktitle={Logical Formalization of Commonsense Reasoning 2003 AAAI Spring Symposium},
  pages={107--115},
  year={2003}
}

@article{tambe1997agent,
  title={Agent Architectures for Flexible Practical Teamwork},
  author={Tambe, Milind},
  journal={AAAI},
  volume={97},
  number={1},
  pages={997},
  year={1997}
}

@inproceedings{xuan2000communication,
  title={Communication in multi-agent markov decision processes},
  author={Xuan, Ping and Lesser, Victor and Zilberstein, Shlomo},
  booktitle={MultiAgent Systems, 2000. Proceedings. Fourth International Conference on},
  pages={467--468},
  year={2000},
  organization={IEEE}
}

@inproceedings{goldman2003optimizing,
  title={Optimizing information exchange in cooperative multi-agent systems},
  author={Goldman, Claudia V and Zilberstein, Shlomo},
  booktitle={Proceedings of the second international joint conference on Autonomous agents and multiagent systems},
  pages={137--144},
  year={2003},
  organization={ACM}
}

@article{guestrin2001multiagent,
  title={Multiagent planning with factored MDPs},
  author={Guestrin, Carlos and Koller, Daphne and Parr, Ronald},
  journal={Advances in neural information processing systems},
  volume={14},
  pages={1523--1530},
  year={2001}
}

@article{sondik1971optimal,
  title={The Optimal Control of Partially Observable Markov Decision Processes.},
  author={Sondik, Edward J},
  journal={PhD the sis, Stanford University},
  year={1971}
}

@inproceedings{myers2005cognitive,
  title={A cognitive framework for delegation to an assistive user agent},
  author={Myers, Karen L and Yorke-Smith, Neil},
  booktitle={Proc. of AAAI 2005 Fall Symposium on Mixed-Initiative Problem-Solving Assistants},
  pages={94--99},
  year={2005}
}

@incollection{pokahr2005jadex,
  title={Jadex: A BDI reasoning engine},
  author={Pokahr, Alexander and Braubach, Lars and Lamersdorf, Winfried},
  booktitle={Multi-agent programming},
  pages={149--174},
  year={2005},
  publisher={Springer}
}

@incollection{weerasooriya1995design,
  title={Design of a concurrent agent-oriented language},
  author={Weerasooriya, Devindra and Rao, Anand and Ramamohanarao, Kotagiri},
  booktitle={Intelligent Agents},
  pages={386--401},
  year={1995},
  publisher={Springer}
}


@BOOK{LucienLeap2012,
  author =       {Lucian Leape Institute Roundtable on Care Integration},
  title =        {Order From Chaos: Accelerating Care Integration},
  publisher =    {National Patient Safety Foundation},
  year =         {2012}
}

@article{chalupsky2002electricalElves,
  author    = {Chalupsky, H. and
               Gil, Y. and
               Knoblock, C.A.  and
               Lerman, K. and
               Oh, J. and
               Pynadath D.V.  and
               Russ, T.A. and
               Tambe, M.},
  title     = {Electric Elves: Agent Technology for Supporting Human Organizations},
  journal   = {AI Magazine},
  volume    = {23},
  number    = {2},
  year      = {2002},
  pages     = {11-24}
}

@article{yorke2012theDesign,
author = {Yorke-Smith, N. and Saadati, S. and Myers, K.L. and Morley, D.N.},
journal = {International Journal on Artificial Intelligence Tools},
month = feb,
number = {01},
title = {The design of a proactive personal agent for task management},
volume = {21},
year = {2012}
}

@article{garlan2007theRadar,
author = {Garlan, D. and Schmerl, B.},
issn = {0218-1940},
journal = {Intrnational Journal of Software Engineering and Knowledge Engineering},
keywords = {agent,personal cognitive assistant,software architecture},
month = apr,
number = {02},
pages = {171--190},
title = {The {RADAR} architecture for personal cognitive assistance},
volume = {17},
year = {2007}
}

@inproceedings{wagner2004anApplicationView,
  author    = {Wagner, T. and
               Phelps, J. and
               Guralnik, V. and
               VanRiper, R.},
  title     = {An Application View of COORDINATORS: Coordination Managers
               for First Responders},
  booktitle = {AAAI},
  year      = {2004},
  pages     = {908-915}
}

@inproceedings{rao1995bdi,
  title={{BDI} agents: From theory to practice},
  author={Rao, A.S. and Georgeff, M.P. and others},
  booktitle={The international conference on multi-agent systems (ICMAS)},
  pages={312--319},
  year={1995},
  organization={San Francisco}
}

@inproceedings{kwak2011robust,
  title={Robust execution-time coordination in DEC-POMDPs under model uncertainty},
  author={Kwak, Jun-young and Yang, Rong and Yin, Zhengyu and Taylor, Matthew E and Tambe, Milind},
  booktitle={Sixth Annual Workshop on Multiagent Sequential Decision Making in Uncertain Domains (MSDM-2011)},
  pages={39},
  year={2011}
}

 @book{levesque1990acting,
   title={On acting together},
   author={Levesque, Hector J and Cohen, Philip R and Nunes, Jos{\'e} HT},
   year={1990},
   publisher={SRI International Menlo Park, CA 94025-3493}
 }
 @inproceedings{nair2004communication,
   title={Communication for improving policy computation in distributed POMDPs},
   author={Nair, Ranjit and Roth, Maayan and Yohoo, Makoto},
   booktitle={Proceedings of the Third International Joint Conference on Autonomous Agents and Multiagent Systems-Volume 3},
   pages={1098--1105},
   year={2004},
   organization={IEEE Computer Society}
 }
 
 @article{sonenberg1992planned,
   title={Planned team activity},
   author={Sonenberg, E. and Tidhar, G. and Werner, E. and Kinny, D. and Ljungberg, M. and Rao, A.},
   journal={Artificial Social Systems},
   volume={890},
   year={1992}
 }
 
 @inproceedings{kwak2011robust,
   title={Robust execution-time coordination in DEC-POMDPs under model uncertainty},
   author={Kwak, Jun-young and Yang, Rong and Yin, Zhengyu and Taylor, Matthew E and Tambe, Milind},
   booktitle={Sixth Annual Workshop on Multiagent Sequential Decision Making in Uncertain Domains (MSDM-2011)},
   pages={39},
   year={2011}
 }
 
 @article{cohen1990intention,
   title={Intention is choice with commitment},
   author={Cohen, P.R. and Levesque, H.J.},
   journal={Artificial intelligence},
   volume={42},
   number={2},
   pages={213--261},
   year={1990},
   publisher={Elsevier}
 }
 
 
@article{pynadath2002communicative,
  title={The communicative multiagent team decision problem: analyzing teamwork theories and models},
  author={Pynadath, David V and Tambe, Milind},
  journal={Journal of Artificial Intelligence Research},
  volume={16},
  number={1},
  pages={389--423},
  year={2002},
  publisher={AI Access Foundation}
}
 
 @inproceedings{roth2005reasoning,
   title={Reasoning about joint beliefs for execution-time communication decisions},
   author={Roth, Maayan and Simmons, Reid and Veloso, Manuela},
   booktitle={Proceedings of the fourth international joint conference on Autonomous agents and multiagent systems},
   pages={786--793},
   year={2005},
   organization={ACM}
 }
 
 @article{grosz1996collaborative,
   title={Collaborative plans for complex group action},
   author={Grosz, B.J. and Kraus, S.},
   journal={Artificial Intelligence},
   volume={86},
   number={2},
   pages={269--357},
   year={1996},
   publisher={Elsevier}
 }
 
 @article{kamar2012modeling,
   title={Modeling information exchange opportunities for effective human-computer teamwork},
   author={Kamar, E. and Gal, Y.K. and Grosz, B.J.},
   journal={Artificial Intelligence},
   year={2012},
   publisher={Elsevier}
 }
 
 @article{roth2006communicate,
   title={What to communicate? Execution-time decision in multi-agent {POMDPs}},
   author={Roth, M. and Simmons, R. and Veloso, M.},
   journal={Distributed Autonomous Robotic Systems 7},
   pages={177--186},
   year={2006},
   publisher={Springer}
 }
 
 @inproceedings{frieder2012agent,
   title={Agent-human coordination with communication costs under uncertainty},
   author={Frieder, A. and Lin, R. and Kraus, S.},
   booktitle={Proceedings of the 11th International Conference on Autonomous Agents and Multiagent Systems-Volume 3},
   pages={1281--1282},
   year={2012},
 }
 
 @inproceedings{kamar2009incorporating,
   title={Incorporating helpful behavior into collaborative planning},
   author={Kamar, E. and Gal, Y. and Grosz, B.J.},
   booktitle={Proceedings of The 8th International Conference on Autonomous Agents and Multiagent Systems-Volume 2},
   pages={875--882},
   year={2009},
   organization={International Foundation for Autonomous Agents and Multiagent Systems}
 }
 
 @article{sarneGrosz12,
   title={{Determining the Value of Information for Collaborative Multi-Agent
   Planning}},
   author={Sarne, D. and B. J. Grosz},
   journal={Journal of Autonomous Agents and Multi-Agent Systems},
   year={To appear 2012-2013},
 }
 
 @misc{webCT,
   title = {The {C}olored {T}rails {P}roject},
   howpublished = {\url{http://www.eecs.harvard.edu/ai/ct.}},
 }
 

  @inproceedings{Borrajo2015MAPR_CMAP,
   title={{MAPR} and {CMAP}},
   author={Borrajo, Daniel and Fernandez, Susana},
   booktitle={CoDMAP-15},
   year={2015}
 }
@article{Gerevini,
  title={Exploiting macro-actions and predicting plan length in planning as satisfiability},
  author={Gerevini, Alfonso Emilio and Saetti, Alessandro and Vallati, Mauro},
  journal={AI Communications},
  volume={28},
  number={2},
  pages={323--344},
  year={2015},
  publisher={IOS Press}
}

@article{Botea,
  title={Macro-FF: Improving AI planning with automatically learned macro-operators},
  author={Botea, Adi and Enzenberger, Markus and M{\"u}ller, Martin and Schaeffer, Jonathan},
  journal={Journal of Artificial Intelligence Research},
  volume={24},
  pages={581--621},
  year={2005}
}
@inproceedings{McIlraith,
  title={Planning with complex actions.},
  author={McIlraith, Sheila A and Fadel, Ronald},
  booktitle={NMR},
  pages={356--364},
  year={2002}
}
@article{Minton,
  title={Quantitative results concerning the utility of explanation-based learning},
  author={Minton, Steven},
  journal={Artificial Intelligence},
  volume={42},
  number={2-3},
  pages={363--391},
  year={1990},
  publisher={Elsevier}
}
@inproceedings{MaliahMacros,
  title={Online Macro Generation for Privacy Preserving Planning.},
  author={Maliah, Shlomi and Shani, Guy and Brafman, Ronen I},
  booktitle={ICAPS},
  pages={216--220},
  year={2016}
}
@inproceedings{Newton,
  title={Learning Macro-Actions for Arbitrary Planners and Domains.},
  author={Newton, Muhammad Abdul Hakim and Levine, John and Fox, Maria and Long, Derek},
  booktitle={ICAPS},
  pages={256--263},
  year={2007}
}
@article{maheswaran2006privacy,
  title={Privacy loss in distributed constraint reasoning: A quantitative framework for analysis and its applications},
  author={Maheswaran, Rajiv T and Pearce, Jonathan P and Bowring, Emma and Varakantham, Pradeep and Tambe, Milind},
  journal={JAAMAS},
  volume={13},
  number={1},
  pages={27--60},
  year={2006},
  publisher={Springer}
}
@article{GPPP,
  author    = {Shlomi Maliah and
               Guy Shani and
               Roni Stern},
  title     = {Collaborative privacy preserving multi-agent planning - Planners and
               heuristics},
  journal   = {JAAMAS},
  volume    = {31},
  number    = {3},
  pages     = {493--530},
  year      = {2017},
  url       = {https://doi.org/10.1007/s10458-016-9333-9},
  doi       = {10.1007/s10458-016-9333-9},
  timestamp = {Sat, 20 May 2017 00:23:00 +0200},
  biburl    = {https://dblp.org/rec/bib/journals/aamas/MaliahSS17},
  bibsource = {dblp computer science bibliography, https://dblp.org}
}
@article{MADLA,
  title={The MADLA planner: Multi-agent planning by combination of distributed and local heuristic search},
  author={{\v{S}}tolba, Michal and Komenda, Anton{\'\i}n},
  journal={Artificial Intelligence},
  volume={252},
  pages={175--210},
  year={2017},
  publisher={Elsevier}
}
@inproceedings{FwdBwd,
  title={Increased privacy with reduced communication and computation in multi-agent planning},
  author={Maliah, Shlomi and Brafman, Ronen I and Shani, Guy},
  booktitle={DMAP--ICAPS},
  volume={16},
  pages={106--112},
  year={2016}
}

@inproceedings{DPP,
  title={Stronger Privacy Preserving Projections for Multi-Agent Planning.},
  author={Maliah, Shlomi and Shani, Guy and Stern, Roni},
  booktitle={ICAPS},
  pages={221--229},
  year={2016}
}
@incollection{Recursive,
  title={Recursive Reductions of Action Dependencies for Coordination-Based Multiagent Planning},
  author={To{\v{z}}i{\v{c}}ka, Jan and Jakubuv, Jan and Komenda, Anton{\'\i}n},
  booktitle={TCCI 28},
  pages={66--92},
  year={2018},
  publisher={Springer}
}
@inproceedings{Leakage,
  author    = {Michal Stolba and
               Jan Tozicka and
               Anton{\'{\i}}n Komenda},
  title     = {Secure Multi-Agent Planning Algorithms},
  booktitle = {{ECAI}},
  pages     = {1714--1715},
  year      = {2016}

}

@article{Torreno,
 author = {Torre\~{n}o, Alejandro and Onaindia, Eva and Komenda, Anton\'{\i}n and \v{S}tolba, Michal},
 title = {Cooperative Multi-Agent Planning: A Survey},
 journal = {ACM Comput. Surv.},
 issue_date = {January 2018},
 volume = {50},
 number = {6},
 year = {2017}
} 

@inproceedings{StolbaFK16,
  author    = {Michal Stolba and
               Daniel Fiser and
               Anton{\'{\i}}n Komenda},
  title     = {Potential Heuristics for Multi-Agent Planning},
  booktitle = {ICAPS},
  pages     = {308--316},
  year      = {2016}
}
@inproceedings{maliah2015privacy,
  title={Privacy preserving pattern databases},
  author={Maliah, Shlomi and Shani, Guy and Stern, Roni},
  booktitle={DMAP--ICAPS},
  volume={15},
  pages={9--17},
  year={2015}
}
@inproceedings{StolbaKK16,
  author    = {Michal {\v{S}}tolba and
               Anton{\'{\i}}n Komenda and
               Daniel L. Kovacs},
  title     = {Competition of Distributed and Multiagent Planners (CoDMAP)},
  booktitle = {ICAPS},
  pages     = {4343--4345},
  year      = {2016},
  crossref  = {DBLP:conf/aaai/2016},
  url       = {http://www.aaai.org/ocs/index.php/AAAI/AAAI16/paper/view/11905},
  timestamp = {Wed, 05 Apr 2017 12:53:50 +0200},
  biburl    = {https://dblp.org/rec/bib/conf/aaai/StolbaKK16},
  bibsource = {dblp computer science bibliography, https://dblp.org}
}
@article{vstolba2018quantifying,
  title={Quantifying privacy leakage in multi-agent planning},
  author={{\v{S}}tolba, Michal and To{\v{z}}i{\v{c}}ka, Jan and Komenda, Anton{\'\i}n},
  journal={TOIT},
  volume={18},
  number={3},
  pages={28},
  year={2018},
  publisher={ACM}
}
@inproceedings{torreno2015global,
  title={Global Heuristics for Distributed Cooperative Multi-Agent Planning.},
  author={Torreno, Alejandro and Sapena, Oscar and Onaindia, Eva},
  booktitle={ICAPS},
  pages={225--233},
  year={2015}
}
@article{torreno2014fmap,
  title={{FMAP}: Distributed cooperative multi-agent planning},
  author={Torreno, Alejandro and Onaindia, Eva and Sapena, Oscar},
  journal={Applied Intelligence},
  volume={41},
  number={2},
  pages={606--626},
  year={2014},
  publisher={Springer}
}
@article{kolobov2012planning,
  title={Planning with Markov decision processes: An AI perspective},
  author={Kolobov, Andrey},
  journal={Synthesis Lectures on Artificial Intelligence and Machine Learning},
  volume={6},
  number={1},
  pages={1--210},
  year={2012},
  publisher={Morgan \& Claypool Publishers}
}

@inproceedings{smith2006focused,
  title={Focused real-time dynamic programming for MDPs: Squeezing more out of a heuristic},
  author={Smith, Trey and Simmons, Reid},
  booktitle={AAAI},
  pages={1227--1232},
  year={2006}
}
@inproceedings{bonet2003labeled,
  title={Labeled RTDP: Improving the Convergence of Real-Time Dynamic Programming.},
  author={Bonet, Blai and Geffner, Hector},
  booktitle={ICAPS},
  volume={3},
  pages={12--21},
  year={2003}
}
@inproceedings{mcmahan2005bounded,
  title={Bounded real-time dynamic programming: RTDP with monotone upper bounds and performance guarantees},
  author={McMahan, H Brendan and Likhachev, Maxim and Gordon, Geoffrey J},
  booktitle={Proceedings of the 22nd international conference on Machine learning},
  pages={569--576},
  year={2005},
  organization={ACM}
}
@inproceedings{boutilier1999sequential,
  title={Sequential optimality and coordination in multiagent systems},
  author={Boutilier, Craig},
  booktitle={IJCAI},
  volume={99},
  pages={478--485},
  year={1999}
}
@inproceedings{kocsis2006bandit,
  title={Bandit based monte-carlo planning},
  author={Kocsis, Levente and Szepesv{\'a}ri, Csaba},
  booktitle={European conference on machine learning},
  pages={282--293},
  year={2006},
  organization={Springer}
}
@inproceedings{amato2013decentralized,
  title={Decentralized control of partially observable Markov decision processes},
  author={Amato, Christopher and Chowdhary, Girish and Geramifard, Alborz and {\"U}re, N Kemal and Kochenderfer, Mykel J},
  booktitle={52nd IEEE Conference on Decision and Control},
  pages={2398--2405},
  year={2013},
  organization={IEEE}
}

@article{barto1995learning,
  title={Learning to act using real-time dynamic programming},
  author={Barto, Andrew G and Bradtke, Steven J and Singh, Satinder P},
  journal={Artificial intelligence},
  volume={72},
  number={1-2},
  pages={81--138},
  year={1995},
  publisher={Elsevier}
}