
@article{dekleer1987diagnosing,
title = {Diagnosing Multiple Faults},
journal = {Artificial Intelligence},
volume = {32},
number = {1},
pages = {97-130},
year = {1987},
author = {Johan {de Kleer} and Brian C. Williams}
}


@article{wu2007arms,
	title={{ARMS}: An automatic knowledge engineering tool for learning action models for AI planning},
	author={Wu, Kangheng and Yang, Qiang and Jiang, Yunfei},
	journal={The Knowledge Engineering Review},
	volume={22},
	number={2},
	pages={135--152},
	year={2007}
}

@article{cresswell2013acquiring,
	title={Acquiring planning domain models using LOCM},
	author={Cresswell, Stephen N and McCluskey, Thomas L and West, Margaret M},
	journal={The Knowledge Engineering Review},
	volume={28},
	number={2},
	pages={195--213},
	year={2013}
}

@article{aineto19learning,
	author = {Aineto, Diego and Celorrio, Sergio and Onaindia, Eva},
	year = {2019},
	month = {05},
	pages = {104--137},
	title = {Learning action models with minimal observability},
	volume = {275},
	journal = {Artificial Intelligence}
}

% Journal article with single author
@article{article-forbus,
author = {Forbus, K. D.},
title = {Qualitative process theory},
year = {1984},
journal = {Artificial Intelligence},
volume = {24},
pages = {85-168}
}

@inproceedings{della2009upmurphi,
  title={UPMurphi: a tool for universal planning on PDDL+ problems},
  author={Della Penna, Giuseppe and Magazzeni, Daniele and Mercorio, Fabio and Intrigila, Benedetto},
  booktitle={Nineteenth International Conference on Automated Planning and Scheduling},
  year={2009}
}

@inproceedings{klenk2017collaborative,
  title={Collaborative Autonomy through Analogical Comic Graphs},
  author={Klenk, Matthew Evans and Mohan, Shiwali and De Kleer, Johan and Bobrow, Daniel G and Hinrichs, Tom and Forbus, Ken},
  booktitle={Workshops at the Thirty-First AAAI Conference on Artificial Intelligence},
  year={2017}
}

@article{rostami2020using,
  title={Using task descriptions in lifelong machine learning for improved performance and zero-shot transfer},
  author={Rostami, Mohammad and Isele, David and Eaton, Eric},
  journal={Journal of Artificial Intelligence Research},
  volume={67},
  pages={673--704},
  year={2020}
}


% Journal article with multiple authors
@article{article-jones-vanlehn,
author = {Jones, R. M. and VanLehn, K.},
title = {Acquisition of children's addition strategies: A Model Of impasse-free, knowledge-level learning},
year = {1994},
journal = {Machine Learning},
volume = {16},
pages = {11-36}
}

% Book with two authors
@book{book-newell-simon,
author = {Newell, A. and Simon, H. A.},
year = {1972},
title = {Human problem Solving},
address = {Englewood Cliffs, NJ},
publisher = {Prentice-Hall}
}

% Edited book with multiple editors
@book{book-shrager-langley,
year = {1990},
editor = {J. Shrager and Pat Langley},
title = {Computational models of scientific discovery and theory formation},
address = {San Mateo, CA},
publisher = {Morgan Kaufmann}
}

% Chapter in edited book with single author and single editor
@incollection{in-book-vanlehn,
author = {K. VanLehn},
year = {1989},
title = {Problem solving and cognitive Skill acquisition},
editor = {M. I. Posner},
booktitle = {Foundations of cognitive Science},
address = {Cambridge, MA},
pages = {527-579},
publisher = {MIT Press}
}

% Doctoral dissertation
@phdthesis{phd-choi,
author = {Dongkyu Choi},
title = {Coordinated Execution and Goal management in a reactive cognitive architecture},
school = {Department of Aeronautics and Astronautics, Stanford University},
year = {2010},
address = {Stanford, CA}
}

% Unpublished technical report with multiple authors 
@techreport{techreport-shapiro-etal,
author = {Shapiro, D. and Billman, D. and Marker, M. and Langley, P.},
year = {2004},
title = {A human-centered Approach to monitoring complex dynamic systems},
institution = {Institute for the Study of Learning and Expertise},
address = {Palo Alto, CA}
}

% Paper in conference proceedings with multiple authors
@inproceedings{paper-laird-etal,
author = {Laird, J. E. and Rosenbloom, P. S. and Newell, A.},
year = {1984},
title = {Towards Chunking as a general learning Mechanism},
booktitle = {Proceedings of the Fourth National Conference on Artificial Intelligence},
pages = {188--192},
address = {Austin, TX},
publisher = {Morgan Kaufmann}
}


@article{witty2018measuring,
  title={Measuring and characterizing generalization in deep reinforcement learning},
  author={Witty, Sam and Lee, Jun Ki and Tosch, Emma and Atrey, Akanksha and Littman, Michael and Jensen, David},
  journal={arXiv preprint arXiv:1812.02868},
  year={2018}
}

@article{renz2019ai,
  title={AI meets Angry Birds},
  author={Renz, Jochen and Ge, XiaoYu and Stephenson, Matthew and Zhang, Peng},
  journal={Nature Machine Intelligence},
  volume={1},
  number={7},
  pages={328--328},
  year={2019},
  publisher={Nature Publishing Group}
}

@article{fox2006modelling,
  title={Modelling mixed discrete-continuous domains for planning},
  author={Fox, Maria and Long, Derek},
  journal={JAIR},
  volume={27},
  pages={235--297},
  year={2006}
}

@inproceedings{mcdermott2003reasoning,
  title={Reasoning about Autonomous Processes in an Estimated-Regression Planner.},
  author={McDermott, Drew V},
  booktitle={{International Conference on Automated Planning and Scheduling}},
  year={2003}
}

@article{langley2020open,
  title={{Open-World Learning for Radically Autonomous Agents}},
  author={Langley, Pat},
  journal={{AAAI}},
  year={2020}
}


@inproceedings{molineaux2012discoverhistory,
  title={DiscoverHistory: Understanding the past in planning and execution},
  author={Molineaux, Matthew and Kuter, Ugur and Klenk, Matthew},
  booktitle={Proceedings of the 11th International Conference on Autonomous Agents and Multiagent Systems-Volume 2},
  pages={989--996},
  year={2012}
}



@inproceedings{paisner2014goal,
  title={Goal-driven autonomy for cognitive systems},
  author={Paisner, Matthew and Cox, Michael and Maynord, Michael and Perlis, Don},
  booktitle={Annual Meeting of the Cognitive Science Society},
  year={2014}
}

@inproceedings{musliner2021openmind,
  title={OpenMIND: Planning and Adapting in Domains with Novelty},
  author={David J. Musliner and Michael J. S. Pelican and Matthew McLure and Steven Johnston and Richard G. Freedman and Corey Knutson}, 
  booktitle={Annual Meeting of the Cognitive Science Society},
  year={2021}
}




@techreport{senator2019sailon,
  author      = "Ted Senator",
  title       = "Science of AI and Learning for Openworld Novelty (SAIL-ON)",
  institution = "DARPA",
  year        = "2019"
}

@article{pimentel2014review,
  title={A review of novelty detection},
  author={Pimentel, Marco AF and Clifton, David A and Clifton, Lei and Tarassenko, Lionel},
  journal={Signal Processing},
  volume={99},
  pages={215--249},
  year={2014}
}

 @inproceedings{juba2021kr,
	title = {Safe Learning of Lifted Action Models},
	author = {Brendan Juba and Hai S. Le and Roni Stern},
	booktitle = {International Conference on Principles of Knowledge Representation and Reasoning (KR)},
	pages = {379--389},
	year = {2021}
}

@inproceedings{asai2020learning,
	title={Learning Neural-Symbolic Descriptive Planning Models via Cube-Space Priors: The Voyage Home (to {STRIPS})},
	author={Asai, Masataro and Muise, Christian},
	booktitle={International Joint Conference on Artificial Intelligence (IJCAI)},
	pages = {2676--2682},
	year={2020}
}

@inproceedings{feng2018extracting,
	title     = {Extracting Action Sequences from Texts Based on Deep Reinforcement Learning},
	author    = {Wenfeng Feng and Hankz Hankui Zhuo and Subbarao Kambhampati},
	booktitle = {Proceedings of the Twenty-Seventh International Joint Conference on
	Artificial Intelligence ({IJCAI})},         
	pages     = {4064--4070},
	year      = {2018}
}


@inproceedings{lindsay2017framer,
	title={Framer: Planning models from natural language action descriptions},
	author={Lindsay, Alan and Read, Jonathon and Ferreira, Joao F and Hayton, Thomas and Porteous, Julie and Gregory, Peter},
	booktitle={International Conference on Automated Planning and Scheduling},
	year={2017}
}

% Senator, T. E. 2019. Science of AI and Learning for Openworld Novelty (SAIL-ON). Presented at the Proposersâ€™ Day
% Meeting. DARPA: Arlington, VA.



@inproceedings{boult2021towards,
  title={Towards a Unifying Framework for Formal Theories of Novelty},
  author={Boult, TE and Grabowicz, PA and Prijatelj, DS and Stern, Roni and Holder, Lawrence and Alspector, Joshua and Jafarzadeh, M and Ahmad, Toqueer and Dhamija, AR and Li, Chunchun and others},
  booktitle={AAAI Conference on Artificial Intelligence},
  pages={15047--15052},
  year={2021}
}


@inproceedings{muhammad2021novelty,
  title={A Novelty-Centric Agent Architecture for Changing Worlds},
  author={Muhammad, Faizan and Sarathy, Vasanth and Tatiya, Gyan and Goel, Shivam and Gyawali, Saurav and Guaman, Mateo and Sinapov, Jivko and Scheutz, Matthias},
  booktitle={International Conference on Autonomous Agents and MultiAgent Systems (AAMAS)},
  pages={925--933},
  year={2021}
}

@article{gopalakrishnan2021integrating,
  title={Integrating Planning, Execution and Monitoring in the presence of Open World Novelties: Case Study of an Open World Monopoly Solver},
  author={Gopalakrishnan, Sriram and Soni, Utkarsh and Thai, Tung and Lymperopoulos, Panagiotis and Scheutz, Matthias and Kambhampati, Subbarao},
  journal={arXiv preprint arXiv:2107.04303},
  year={2021}
}

@inproceedings{vallati2016efficient,
  title={Efficient macroscopic urban traffic models for reducing congestion: A PDDL+ planning approach},
  author={Vallati, Mauro and Magazzeni, Daniele and De Schutter, Bart and Chrpa, Luk{\'a}s and McCluskey, Thomas Leo},
  booktitle={AAAI Conference on Artificial Intelligence},
  year={2016}
}

@phdthesis{piotrowski2018heuristics,
  title={Heuristics for AI Planning in Hybrid Systems},
  author={Piotrowski, Wiktor Mateusz},
  year={2018},
  school={King's College London}
}

@inproceedings{della2010pddl+,
  title={A PDDL+ benchmark problem: The batch chemical plant},
  author={Della Penna, Giuseppe and Intrigila, Benedetto and Magazzeni, Daniele and Mercorio, Fabio},
  booktitle={International Conference on Automated Planning and Scheduling (ICAPS)},
  year={2010}
}

@article{della2010resource,
  title={Resource-optimal planning for an autonomous planetary vehicle},
  author={Della Penna, Giuseppe and Intrigila, Benedetto and Magazzeni, Daniele and Mercorio, Fabio},
  journal={International Journal of Artificial Intelligence \& Applications (IJAIA)},
  volume={1(3)},
  pages={15--29},
  year={2010}
}

@techreport{mcdermott1998pddl,
  title={PDDL --- The Planning Domain Definition Language},
  author={McDermott, Drew and
  Ghallab, Malik and
  Knoblock, Craig and
  Howe, Adele and
  Ram, Ashwin and 
  Veloso, Manuela and 
  Weld, Daniel and 
  Wilkins, David},
  year={1998},
  institution={AIPS-98 Planning Competition Committee}
}


@article{brockman2016openai,
  title={Openai gym},
  author={Brockman, Greg and Cheung, Vicki and Pettersson, Ludwig and Schneider, Jonas and Schulman, John and Tang, Jie and Zaremba, Wojciech},
  journal={arXiv preprint arXiv:1606.01540},
  year={2016}
}

@incollection{thrun1998lifelong,
  title={Lifelong learning algorithms},
  author={Thrun, Sebastian},
  booktitle={Learning to learn},
  pages={181--209},
  year={1998},
  publisher={Springer}
}

@article{barto1983neuronlike,
  title={Neuronlike adaptive elements that can solve difficult learning control problems},
  author={Barto, Andrew G and Sutton, Richard S and Anderson, Charles W},
  journal={IEEE transactions on systems, man, and cybernetics},
  number={5},
  pages={834--846},
  year={1983},
  publisher={IEEE}
}

@article{mnih2013playing,
  title={Playing atari with deep reinforcement learning},
  author={Mnih, Volodymyr and Kavukcuoglu, Koray and Silver, David and Graves, Alex and Antonoglou, Ioannis and Wierstra, Daan and Riedmiller, Martin},
  journal={arXiv preprint arXiv:1312.5602},
  year={2013}
}

@inproceedings{howey2004val,
  title={VAL: Automatic plan validation, continuous effects and mixed initiative planning using PDDL},
  author={Howey, Richard and Long, Derek and Fox, Maria},
  booktitle={16th IEEE International Conference on Tools with Artificial Intelligence},
  pages={294--301},
  year={2004},
  organization={IEEE}
}

@inproceedings{scala2016interval,
  title={Interval-based relaxation for general numeric planning},
  author={Scala, Enrico and Haslum, Patrik and Thi{\'e}baux, Sylvie and Ramirez, Miquel},
  booktitle={ECAI 2016},
  pages={655--663},
  year={2016},
  publisher={IOS Press}
}




@inproceedings{sun1993aFramework,
  author    = {Ying Sun and
               Daniel S. Weld},
  editor    = {Richard Fikes and
               Wendy G. Lehnert},
  title     = {A Framework for Model-Based Repair},
  booktitle = {AAAI},
  pages     = {182--187},
  year      = {1993}
}


@article{yang2022meaningful,
  title={Meaningful Update and Repair of Markov Decision Processes for Self-Adaptive Systems},
  author={Yang, Wen-Hua and Pan, Min-Xue and Zhou, Yu and Huang, Zhi-Qiu},
  journal={Journal of Computer Science and Technology},
  volume={37},
  number={1},
  pages={106--127},
  year={2022},
  publisher={Springer}
}

@inproceedings{pathak2015greedy,
  title={A greedy approach for the efficient repair of stochastic models},
  author={Pathak, Shashank and {\'A}brah{\'a}m, Erika and Jansen, Nils and Tacchella, Armando and Katoen, Joost-Pieter},
  booktitle={NASA Formal Methods Symposium},
  pages={295--309},
  year={2015},
  organization={Springer}
}

@inproceedings{chen2013model,
  title={Model repair for Markov decision processes},
  author={Chen, Taolue and Hahn, Ernst Moritz and Han, Tingting and Kwiatkowska, Marta and Qu, Hongyang and Zhang, Lijun},
  booktitle={IEEE International Symposium on Theoretical Aspects of Software Engineering},
  pages={85--92},
  year={2013}
}

@inproceedings{bartocci2011model,
  title={Model repair for probabilistic systems},
  author={Bartocci, Ezio and Grosu, Radu and Katsaros, Panagiotis and Ramakrishnan, CR and Smolka, Scott A},
  booktitle={International Conference on Tools and Algorithms for the Construction and Analysis of Systems},
  pages={326--340},
  year={2011},
  organization={Springer}
}


@inproceedings{gragera2022repair,
  title={Repair Suggestions for Planning Domains with Missing Actions Effects},
  author={Gragera, Alba and Fuentetaja, Raquel and Garc{\'\i}a-Olaya, {\'A}ngel and Fern{\'a}ndez, Fernando},
  booktitle={ICAPS 2022 Workshop on Explainable AI Planning},
  year={2022}
}

@article{chakraborti2017plan,
  title={Plan explanations as model reconciliation: Moving beyond explanation as soliloquy},
  author={Chakraborti, Tathagata and Sreedharan, Sarath and Zhang, Yu and Kambhampati, Subbarao},
  journal={arXiv preprint arXiv:1701.08317},
  year={2017}
}

@inproceedings{garland2002plan,
  title={Plan evaluation with incomplete action descriptions},
  author={Garland, Andrew and Lesh, Neal},
  booktitle={AAAI/IAAI},
  pages={461--467},
  year={2002}
}

@inproceedings{barriga2020extensible,
  title={An extensible framework for customizable model repair},
  author={Barriga, Angela and Heldal, Rogardt and Iovino, Ludovico and Marthinsen, Magnus and Rutle, Adrian},
  booktitle={Proceedings of the 23rd ACM/IEEE International conference on model driven engineering languages and systems},
  pages={24--34},
  year={2020}
}

@article{myers1999cpef,
  title={CPEF: A continuous planning and execution framework},
  author={Myers, Karen L},
  journal={AI Magazine},
  volume={20},
  number={4},
  pages={63--63},
  year={1999}
}


@inproceedings{bidot2008plan,
  title={Plan repair in hybrid planning},
  author={Bidot, Julien and Schattenberg, Bernd and Biundo, Susanne},
  booktitle={Annual Conference on Artificial Intelligence},
  pages={169--176},
  year={2008},
  organization={Springer}
}

@article{komenda2014domain,
  title={Domain-independent multi-agent plan repair},
  author={Komenda, Anton{\'\i}n and Nov{\'a}k, Peter and P{\v{e}}chou{\v{c}}ek, Michal},
  journal={Journal of Network and Computer Applications},
  volume={37},
  pages={76--88},
  year={2014},
  publisher={Elsevier}
}

@article{nebel1995plan,
  title={Plan reuse versus plan generation: A theoretical and empirical analysis},
  author={Nebel, Bernhard and Koehler, Jana},
  journal={Artificial intelligence},
  volume={76},
  number={1-2},
  pages={427--454},
  year={1995},
  publisher={Elsevier}
}

@inproceedings{fox2006plan,
  title={Plan Stability: Replanning versus Plan Repair.},
  author={Fox, Maria and Gerevini, Alfonso and Long, Derek and Serina, Ivan},
  booktitle={ICAPs},
  volume={6},
  pages={212--221},
  year={2006}
}

@article{cushing2005replanning,
  title={Replanning: A new perspective},
  author={Cushing, William and Kambhampati, Subbarao},
  journal={Proceedings of the International Confer-ence on Automated Planning and Scheduling Monterey, USA},
  pages={13--16},
  year={2005}
}

@inproceedings{bezrucav2022towards,
  title={Towards automatic state recovery for replanning},
  author={Bezrucav, Stefan-Octavian and Canal, Gerard and Coles, Andrew and Cashmore, Michael and Corves, Burkhard},
  booktitle={ICAPS 2022 Workshop on Integrated Planning, Acting, and Execution (IntEx)},
  year={2022}
}

@article{fox2003pddl2,
  title={{{PDDL2.1}: An Extension to PDDL for Expressing Temporal Planning Domains}},
  author={Fox, Maria and Long, Derek},
  journal={JAIR},
  volume={20},
  pages={61--124},
  year={2003}
}

@article{dekleer2003fundamentals,
  title={Fundamentals of model-based diagnosis},
  author={De Kleer, Johan and Kurien, James},
  journal={IFAC Proceedings Volumes},
  volume={36},
  number={5},
  pages={25--36},
  year={2003},
  publisher={Elsevier}
}



