
@string{aaai = {AAAI Conference on Artificial Intelligence (AAAI)}}

@string{aaaiold = {National Conference on Artificial Intelligence (AAAI)}}

@string{aamas = {International Conference on Autonomous Agents and Multi-Agent Systems (AAMAS)}}

@string{acm = {ACM Press}}

@string{acmec = {ACM Conference on Economics and Computation (ACM-EC)}}

@string{acmecold = {ACM Conference on Electronic Commerce (ACM-EC)}}

@string{adt = {International Conference on Algorithmic Decision Theory (ADT)}}

@string{asiacrypt = {Asiacrypt Conference}}

@string{ccc = {Annual IEEE Conference on Computational Complexity (CCC)}}

@string{ciac = {International Conference on Algorithms and Complexity (CIAC)}}

@string{cocoon = {Annual International Computing and Combinatorics Conference (COCOON)}}

@string{cryptadv = {Advances in Cryptology - Proceedings of the}}

@string{crypto = {Annual International Cryptology Conference (CRYPTO)}}

@string{ecai = {European Conference on Artificial Intelligence (ECAI)}}

@string{edm = {International Conference on Educational Data Mining (EDM)}}

@string{eurocrypt = {Eurocrypt Conference}}

@string{fc = {Annual Conference on Financial Cryptography (FC)}}

@string{fcds = {International Conference on Financial Cryptography and Data Security (FC)}}

@string{focs = {Symposium on Foundations of Computer Science (FOCS)}}

@string{icalp = {International Colloquium on Automata, Languages, and Programming (ICALP)}}

@string{icml = {International Conference on Machine Learning (ICML)}}

@string{ieee = {IEEE Computer Society Press}}

@string{ijcai = {International Joint Conference on Artificial Intelligence (IJCAI)}}

@string{ip = {In preparation}}

@string{isaac = {International Symposium on Algorithms and Computation (ISAAC)}}

@string{isaim = {International Symposium on Artificial Intelligence and Mathematics (ISAIM)}}

@string{kr = {International Conference on Principles of Knowledge Representation and Reasoning (KR)}}

@string{lnai = {Lecture Notes in Artificial Intelligence (LNAI)}}

@string{lncs = {Lecture Notes in Computer Science (LNCS)}}

@string{pkc = {International Workshop on Practice and Theory in Public Key Cryptography (PKC)}}

@string{proc = {Proceedings of the}}

@string{sagt = {International Symposium on Algorithmic Game Theory (SAGT)}}

@string{sb = {Submitted}}

@string{sigcse = {ACM Technical Symposium on Computer Science Education (ACM-SIGCSE)}}

@string{soda = {Annual ACM-SIAM Symposium on Discrete Algorithms (SODA)}}

@string{springer = {Springer-Verlag}}

@string{stacs = {International Symposium on Theoretical Aspects of Computer Science (STACS)}}

@string{stoc = {Annual ACM Symposium on Theory of Computing (STOC)}}

@string{ta = {Forthcoming}}

@string{tark = {Conference on Theoretical Aspects of Rationality and Knowledge (TARK)}}

@string{tum = {Department for Computer Science, Technical University of Munich}}

@string{uai = {Annual Conference on Uncertainty in Artificial Intelligence (UAI)}}

@string{ur = {Working paper}}

@string{wine = {International Workshop on Internet and Network Economics (WINE)}}

@string{wp = {Working paper}}


@inproceedings{CKV15a,
	Author = {I. Caragiannis and G. A. Krimpas and A. A. Voudouris},
	Booktitle = proc # { 14th } # aamas,
	Date-Modified = {2016-07-08 17:23:42 +0000},
	Pages = {675---683},
	Publisher = {IFAAMAS},
	Title = {Aggregating partial rankings with applications to peer grading in massive online open courses},
	Year = {2015}}

@inproceedings{CKV16a,
	Author = {I. Caragiannis and G. A. Krimpas and A. A. Voudouris},
	Booktitle = proc # { 17th } # acmecold,
	Publisher = acm,
	Title = {How effective can simple ordinal peer grading be?},
	Year = {2016}}

@article{BCKM12a,
	Author = {E. Budish and Y.-K. Che and F. Kojima and P. Milgrom},
	Date-Added = {2016-03-23 01:25:00 +0000},
	Date-Modified = {2016-03-23 01:25:00 +0000},
	Journal = {American Economic Review},
	Keywords = {PS},
	Number = {2},
	Pages = {585--623},
	Title = {Designing Random Allocation Mechanisms: {T}heory and Applications},
	Volume = {103},
	Year = {2013},
	Bdsk-File-1 = {YnBsaXN0MDDUAQIDBAUGJCVYJHZlcnNpb25YJG9iamVjdHNZJGFyY2hpdmVyVCR0b3ASAAGGoKgHCBMUFRYaIVUkbnVsbNMJCgsMDxJXTlMua2V5c1pOUy5vYmplY3RzViRjbGFzc6INDoACgAOiEBGABIAFgAdccmVsYXRpdmVQYXRoWWFsaWFzRGF0YV8QjC4uLy4uLy4uLy4uLy4uL0Ryb3Bib3gvR3JvdXAgQnJhbmR0L3Jlc2VhcmNoL2xpYnJhcnkvQnVkaXNoIGV0IGFsLiBEZXNpZ25pbmcgUmFuZG9tIEFsbG9jYXRpb24gTWVjaGFuaXNtcyBUaGVvcnkgYW5kIEFwcGxpY2F0aW9ucyAoMjAxMykucGRm0hcLGBlXTlMuZGF0YU8RArYAAAAAArYAAgAADE1hY2ludG9zaCBIRAAAAAAAAAAAAAAAAAAAAM2Mf+JIKwAAAAUstR9CdWRpc2ggZXQgYWwuIERlc2lnIzEyQTJGMEIucGRmAAAAAAAAAAAAAAAAAAAAAAAAAAAAAAAAAAAAAAAAAAABKi8Lzz7QSgAAAAAAAAAAAAUABQAACSAAAAAAAAAAAAAAAAAAAAAHbGlicmFyeQAAEAAIAADNi/NCAAAAEQAIAADPPjWaAAAAAQAYAAUstQAFLK0ABSb+AAUl/QAFClcAAhDVAAIAaE1hY2ludG9zaCBIRDpVc2VyczoAaGFyaXNheml6OgBEcm9wYm94OgBHcm91cCBCcmFuZHQ6AHJlc2VhcmNoOgBsaWJyYXJ5OgBCdWRpc2ggZXQgYWwuIERlc2lnIzEyQTJGMEIucGRmAA4AsABXAEIAdQBkAGkAcwBoACAAZQB0ACAAYQBsAC4AIABEAGUAcwBpAGcAbgBpAG4AZwAgAFIAYQBuAGQAbwBtACAAQQBsAGwAbwBjAGEAdABpAG8AbgAgAE0AZQBjAGgAYQBuAGkAcwBtAHMAIABUAGgAZQBvAHIAeQAgAGEAbgBkACAAQQBwAHAAbABpAGMAYQB0AGkAbwBuAHMAIAAoADIAMAAxADMAKQAuAHAAZABmAA8AGgAMAE0AYQBjAGkAbgB0AG8AcwBoACAASABEABIAjVVzZXJzL2hhcmlzYXppei9Ecm9wYm94L0dyb3VwIEJyYW5kdC9yZXNlYXJjaC9saWJyYXJ5L0J1ZGlzaCBldCBhbC4gRGVzaWduaW5nIFJhbmRvbSBBbGxvY2F0aW9uIE1lY2hhbmlzbXMgVGhlb3J5IGFuZCBBcHBsaWNhdGlvbnMgKDIwMTMpLnBkZgAAEwABLwAAFQACABD//wAAgAbSGxwdHlokY2xhc3NuYW1lWCRjbGFzc2VzXU5TTXV0YWJsZURhdGGjHR8gVk5TRGF0YVhOU09iamVjdNIbHCIjXE5TRGljdGlvbmFyeaIiIF8QD05TS2V5ZWRBcmNoaXZlctEmJ1Ryb290gAEACAARABoAIwAtADIANwBAAEYATQBVAGAAZwBqAGwAbgBxAHMAdQB3AIQAjgEdASIBKgPkA+YD6wP2A/8EDQQRBBgEIQQmBDMENgRIBEsEUAAAAAAAAAIBAAAAAAAAACgAAAAAAAAAAAAAAAAAAARS},
	Bdsk-File-2 = {YnBsaXN0MDDUAQIDBAUGJCVYJHZlcnNpb25YJG9iamVjdHNZJGFyY2hpdmVyVCR0b3ASAAGGoKgHCBMUFRYaIVUkbnVsbNMJCgsMDxJXTlMua2V5c1pOUy5vYmplY3RzViRjbGFzc6INDoACgAOiEBGABIAFgAdccmVsYXRpdmVQYXRoWWFsaWFzRGF0YV8QjS4uLy4uLy4uLy4uLy4uL0Ryb3Bib3gvR3JvdXAgQnJhbmR0L3Jlc2VhcmNoL2xpYnJhcnkvQnVkaXNoIGV0IGFsLiBEZXNpZ25pbmcgUmFuZG9tIEFsbG9jYXRpb24gTWVjaGFuaXNtcyBUaGVvcnkgYW5kIEFwcGxpY2F0aW9ucyAoMjAxMykwLnBkZtIXCxgZV05TLmRhdGFPEQK4AAAAAAK4AAIAAAxNYWNpbnRvc2ggSEQAAAAAAAAAAAAAAAAAAADNjH/iSCsAAAAFLLUfQnVkaXNoIGV0IGFsLiBEZXNpZyMxMkEyRjI1LnBkZgAAAAAAAAAAAAAAAAAAAAAAAAAAAAAAAAAAAAAAAAAAASovJc+FfHIAAAAAAAAAAAAFAAUAAAkgAAAAAAAAAAAAAAAAAAAAB2xpYnJhcnkAABAACAAAzYvzQgAAABEACAAAz4Tv0gAAAAEAGAAFLLUABSytAAUm/gAFJf0ABQpXAAIQ1QACAGhNYWNpbnRvc2ggSEQ6VXNlcnM6AGhhcmlzYXppejoARHJvcGJveDoAR3JvdXAgQnJhbmR0OgByZXNlYXJjaDoAbGlicmFyeToAQnVkaXNoIGV0IGFsLiBEZXNpZyMxMkEyRjI1LnBkZgAOALIAWABCAHUAZABpAHMAaAAgAGUAdAAgAGEAbAAuACAARABlAHMAaQBnAG4AaQBuAGcAIABSAGEAbgBkAG8AbQAgAEEAbABsAG8AYwBhAHQAaQBvAG4AIABNAGUAYwBoAGEAbgBpAHMAbQBzACAAVABoAGUAbwByAHkAIABhAG4AZAAgAEEAcABwAGwAaQBjAGEAdABpAG8AbgBzACAAKAAyADAAMQAzACkAMAAuAHAAZABmAA8AGgAMAE0AYQBjAGkAbgB0AG8AcwBoACAASABEABIAjlVzZXJzL2hhcmlzYXppei9Ecm9wYm94L0dyb3VwIEJyYW5kdC9yZXNlYXJjaC9saWJyYXJ5L0J1ZGlzaCBldCBhbC4gRGVzaWduaW5nIFJhbmRvbSBBbGxvY2F0aW9uIE1lY2hhbmlzbXMgVGhlb3J5IGFuZCBBcHBsaWNhdGlvbnMgKDIwMTMpMC5wZGYAEwABLwAAFQACABD//wAAgAbSGxwdHlokY2xhc3NuYW1lWCRjbGFzc2VzXU5TTXV0YWJsZURhdGGjHR8gVk5TRGF0YVhOU09iamVjdNIbHCIjXE5TRGljdGlvbmFyeaIiIF8QD05TS2V5ZWRBcmNoaXZlctEmJ1Ryb290gAEACAARABoAIwAtADIANwBAAEYATQBVAGAAZwBqAGwAbgBxAHMAdQB3AIQAjgEeASMBKwPnA+kD7gP5BAIEEAQUBBsEJAQpBDYEOQRLBE4EUwAAAAAAAAIBAAAAAAAAACgAAAAAAAAAAAAAAAAAAARV},
	Bdsk-File-3 = {YnBsaXN0MDDUAQIDBAUGJCVYJHZlcnNpb25YJG9iamVjdHNZJGFyY2hpdmVyVCR0b3ASAAGGoKgHCBMUFRYaIVUkbnVsbNMJCgsMDxJXTlMua2V5c1pOUy5vYmplY3RzViRjbGFzc6INDoACgAOiEBGABIAFgAdccmVsYXRpdmVQYXRoWWFsaWFzRGF0YV8QjS4uLy4uLy4uLy4uLy4uL0Ryb3Bib3gvR3JvdXAgQnJhbmR0L3Jlc2VhcmNoL2xpYnJhcnkvQnVkaXNoIGV0IGFsLiBEZXNpZ25pbmcgUmFuZG9tIEFsbG9jYXRpb24gTWVjaGFuaXNtcyBUaGVvcnkgYW5kIEFwcGxpY2F0aW9ucyAoMjAxMykxLnBkZtIXCxgZV05TLmRhdGFPEQK4AAAAAAK4AAIAAAxNYWNpbnRvc2ggSEQAAAAAAAAAAAAAAAAAAADNjH/iSCsAAAAFLLUfQnVkaXNoIGV0IGFsLiBEZXNpZyMxMkEyRjI3LnBkZgAAAAAAAAAAAAAAAAAAAAAAAAAAAAAAAAAAAAAAAAAAASovJ8+FfHEAAAAAAAAAAAAFAAUAAAkgAAAAAAAAAAAAAAAAAAAAB2xpYnJhcnkAABAACAAAzYvzQgAAABEACAAAz4Tv0QAAAAEAGAAFLLUABSytAAUm/gAFJf0ABQpXAAIQ1QACAGhNYWNpbnRvc2ggSEQ6VXNlcnM6AGhhcmlzYXppejoARHJvcGJveDoAR3JvdXAgQnJhbmR0OgByZXNlYXJjaDoAbGlicmFyeToAQnVkaXNoIGV0IGFsLiBEZXNpZyMxMkEyRjI3LnBkZgAOALIAWABCAHUAZABpAHMAaAAgAGUAdAAgAGEAbAAuACAARABlAHMAaQBnAG4AaQBuAGcAIABSAGEAbgBkAG8AbQAgAEEAbABsAG8AYwBhAHQAaQBvAG4AIABNAGUAYwBoAGEAbgBpAHMAbQBzACAAVABoAGUAbwByAHkAIABhAG4AZAAgAEEAcABwAGwAaQBjAGEAdABpAG8AbgBzACAAKAAyADAAMQAzACkAMQAuAHAAZABmAA8AGgAMAE0AYQBjAGkAbgB0AG8AcwBoACAASABEABIAjlVzZXJzL2hhcmlzYXppei9Ecm9wYm94L0dyb3VwIEJyYW5kdC9yZXNlYXJjaC9saWJyYXJ5L0J1ZGlzaCBldCBhbC4gRGVzaWduaW5nIFJhbmRvbSBBbGxvY2F0aW9uIE1lY2hhbmlzbXMgVGhlb3J5IGFuZCBBcHBsaWNhdGlvbnMgKDIwMTMpMS5wZGYAEwABLwAAFQACABD//wAAgAbSGxwdHlokY2xhc3NuYW1lWCRjbGFzc2VzXU5TTXV0YWJsZURhdGGjHR8gVk5TRGF0YVhOU09iamVjdNIbHCIjXE5TRGljdGlvbmFyeaIiIF8QD05TS2V5ZWRBcmNoaXZlctEmJ1Ryb290gAEACAARABoAIwAtADIANwBAAEYATQBVAGAAZwBqAGwAbgBxAHMAdQB3AIQAjgEeASMBKwPnA+kD7gP5BAIEEAQUBBsEJAQpBDYEOQRLBE4EUwAAAAAAAAIBAAAAAAAAACgAAAAAAAAAAAAAAAAAAARV}}

@article{RKPS06a,
	Author = {R. Gandhi and S. Khuller and S. Parthasarathy and A. Srinivasan},
	Date-Added = {2016-03-15 11:50:27 +0000},
	Date-Modified = {2016-03-15 11:52:49 +0000},
	Journal = {Journal of the ACM},
	Number = {3},
	Pages = {324--360},
	Title = {Dependent rounding and its applications to approximation algorithms},
	Volume = {53},
	Year = {2006}}

@inproceedings{PHCDNK13,
	Address = {Memphis, Tennessee},
	Author = {Chris Piech and Jon Huang and Zhenghao Chen and Chuong Do and Andrew Ng and Daphne Koller},
	Booktitle = {Proceedings of The 6th International Conference on Educational Data Mining (EDM)},
	Date-Added = {2016-03-07 20:37:01 +0000},
	Date-Modified = {2016-03-07 20:42:42 +0000},
	Month = {July},
	Pages = {153-160},
	Title = {Tuned Models of Peer Assessment in {MOOC}s},
	Year = {2013}}

@article{LRP14,
	Author = {Heng Luo and Anthony C. Robinson and Jae-Young Park},
	Date-Added = {2016-03-07 20:33:32 +0000},
	Date-Modified = {2016-03-07 20:36:02 +0000},
	Journal = {Journal of Asynchronous Learning Networks},
	Number = {2},
	Title = {Peer Grading in a {MOOC}: Reliability, Validity, and Perceived Effects},
	Volume = {18},
	Year = {2014}}

@misc{Pri14,
	Author = {Eric Price},
	Date-Added = {2016-01-13 06:03:48 +0000},
	Date-Modified = {2016-01-13 06:05:55 +0000},
	Howpublished = {http://blog.mrtz.org/2014/12/15/the-nips-experiment.html},
	Month = {December},
	Title = {The {NIPS} Experiment},
	Year = {2014}}

@article{MEFF90a,
	Author = {McNutt, Robert A and Evans, Arthur T and Fletcher, Robert H and Fletcher, Suzanne W},
	Date-Added = {2016-01-12 06:08:27 +0000},
	Date-Modified = {2016-01-12 06:10:22 +0000},
	Journal = {The Journal of the American Medical Association},
	Number = {10},
	Pages = {1371--1376},
	Title = {The Effects of Blinding on the Quality of Peer Review: A Randomized Trial},
	Volume = {263},
	Year = {1990}}

@article{LiLe15a,
	Author = {Danielle Li and Agha, Leila},
	Date-Added = {2016-01-12 05:45:30 +0000},
	Date-Modified = {2016-05-02 20:08:56 +0000},
	Doi = {10.1126/science.aaa0185},
	Issn = {1095-9203},
	Journal = {Science (New York, N.Y.)},
	Number = {6233},
	Pages = {434--438},
	Title = {Research funding. {B}ig names or big ideas: do peer-review panels select the best science proposals?},
	Volume = {348},
	Year = {2015},
	Bdsk-Url-1 = {http://dx.doi.org/10.1126/science.aaa0185}}

@article{CCS81a,
	Author = {S Cole and Cole, JR and Simon, GA},
	Date-Added = {2016-01-12 05:38:57 +0000},
	Date-Modified = {2016-01-12 05:39:15 +0000},
	Doi = {10.1126/science.7302566},
	Issn = {1095-9203},
	Journal = {Science},
	Number = {4523},
	Pages = {881--886},
	Title = {Chance and consensus in peer review},
	Volume = {214},
	Year = {1981},
	Bdsk-Url-1 = {http://dx.doi.org/10.1126/science.7302566}}

@article{AKTV14a,
	Author = {Bruce Alberts and Kirschner, Marc and Tilghman, Shirley and Varmus, Harold},
	Date-Added = {2016-01-12 05:28:38 +0000},
	Date-Modified = {2016-01-12 05:28:58 +0000},
	Doi = {10.1073/pnas.1404402111},
	Issn = {1091-6490},
	Journal = {Proceedings of the National Academy of Sciences},
	Number = {16},
	Pages = {5773--5777},
	Title = {Rescuing US biomedical research from its systemic flaws},
	Volume = {111},
	Year = {2014},
	Bdsk-Url-1 = {http://dx.doi.org/10.1073/pnas.1404402111}}

@article{Cicc91a,
	Author = {Cicchetti,Domenic V.},
	Date-Added = {2016-01-12 05:18:54 +0000},
	Date-Modified = {2016-02-08 04:25:36 +0000},
	Doi = {10.1017/S0140525X00065675},
	Issn = {1469-1825},
	Issue = {01},
	Journal = {Behavioral and Brain Sciences},
	Month = {3},
	Numpages = {17},
	Pages = {119--135},
	Title = {The reliability of peer review for manuscript and grant submissions: A cross-disciplinary investigation},
	Volume = {14},
	Year = {1991},
	Bdsk-Url-1 = {http://journals.cambridge.org/article_S0140525X00065675},
	Bdsk-Url-2 = {http://dx.doi.org/10.1017/S0140525X00065675}}

@article{Wess98a,
	Author = {Simon Wessely},
	Date-Added = {2016-01-12 01:24:56 +0000},
	Date-Modified = {2016-01-12 01:26:03 +0000},
	Journal = {The Lancet},
	Keywords = {evaluation of peer review},
	Month = {July},
	Number = {9124},
	Pages = {301--305},
	Title = {Peer review of grant applications: What do we know?},
	Volume = {352},
	Year = {1998}}

@article{WeWo97a,
	Author = {Christine Wenneras and Agnes Wold},
	Date-Added = {2016-01-12 01:21:38 +0000},
	Date-Modified = {2016-01-12 01:22:24 +0000},
	Doi = {10.1038/387341a0},
	Issn = {0028-0836},
	Journal = {Nature},
	Pages = {341--343},
	Title = {Nepotism and sexism in peer-review},
	Volume = {387},
	Year = {1997},
	Bdsk-Url-1 = {http://dx.doi.org/10.1038/387341a0}}

@article{Boha13a,
	Author = {J Bohannon},
	Date-Added = {2016-01-11 06:22:23 +0000},
	Date-Modified = {2016-01-11 06:22:44 +0000},
	Doi = {10.1126/science.342.6154.60},
	Issn = {1095-9203},
	Journal = {Science},
	Number = {6154},
	Pages = {60--65},
	Title = {Who's Afraid of Peer Review?},
	Volume = {342},
	Year = {2013},
	Bdsk-Url-1 = {http://dx.doi.org/10.1126/science.342.6154.60}}

@book{Mard96a,
	Author = {J. I. Marden},
	Date-Added = {2016-01-11 04:38:10 +0000},
	Date-Modified = {2016-01-11 04:39:17 +0000},
	Number = {64},
	Publisher = {CRC Press},
	Series = {Monographs on Statistics and Applied Probability},
	Title = {Analyzing and Modeling Rank Data},
	Year = {1996}}

@article{BoMo01a,
	Author = {A. Bogomolnaia and H. Moulin},
	Date-Added = {2015-12-21 23:31:39 +0000},
	Date-Modified = {2015-12-21 23:31:39 +0000},
	Journal = {Journal of Economic Theory},
	Keywords = {matching; ec-seminar_rsc; PS},
	Number = {2},
	Pages = {295--328},
	Rating = {4},
	Title = {A New Solution to the Random Assignment Problem},
	Volume = {100},
	Year = {2001},
	Bdsk-File-1 = {YnBsaXN0MDDUAQIDBAUGJCVYJHZlcnNpb25YJG9iamVjdHNZJGFyY2hpdmVyVCR0b3ASAAGGoKgHCBMUFRYaIVUkbnVsbNMJCgsMDxJXTlMua2V5c1pOUy5vYmplY3RzViRjbGFzc6INDoACgAOiEBGABIAFgAdccmVsYXRpdmVQYXRoWWFsaWFzRGF0YV8Qgi4uLy4uLy4uLy4uLy4uL0Ryb3Bib3gvR3JvdXAgQnJhbmR0L3Jlc2VhcmNoL2xpYnJhcnkvQm9nb21vbG5haWEgZXQgYWwuIEEgTmV3IFNvbHV0aW9uIHRvIHRoZSBSYW5kb20gQXNzaWdubWVudCBQcm9ibGVtICgyMDAxKS5wZGbSFwsYGVdOUy5kYXRhTxECmAAAAAACmAACAAAMTWFjaW50b3NoIEhEAAAAAAAAAAAAAAAAAAAAzYx/4kgrAAAABSy1H0JvZ29tb2xuYWlhIGV0IGFsLiAjMTJBMkQxNS5wZGYAAAAAAAAAAAAAAAAAAAAAAAAAAAAAAAAAAAAAAAAAAAEqLRXN6Zz0AAAAAAAAAAAABQAFAAAJIAAAAAAAAAAAAAAAAAAAAAdsaWJyYXJ5AAAQAAgAAM2L80IAAAARAAgAAM3pEFQAAAABABgABSy1AAUsrQAFJv4ABSX9AAUKVwACENUAAgBoTWFjaW50b3NoIEhEOlVzZXJzOgBoYXJpc2F6aXo6AERyb3Bib3g6AEdyb3VwIEJyYW5kdDoAcmVzZWFyY2g6AGxpYnJhcnk6AEJvZ29tb2xuYWlhIGV0IGFsLiAjMTJBMkQxNS5wZGYADgCcAE0AQgBvAGcAbwBtAG8AbABuAGEAaQBhACAAZQB0ACAAYQBsAC4AIABBACAATgBlAHcAIABTAG8AbAB1AHQAaQBvAG4AIAB0AG8AIAB0AGgAZQAgAFIAYQBuAGQAbwBtACAAQQBzAHMAaQBnAG4AbQBlAG4AdAAgAFAAcgBvAGIAbABlAG0AIAAoADIAMAAwADEAKQAuAHAAZABmAA8AGgAMAE0AYQBjAGkAbgB0AG8AcwBoACAASABEABIAg1VzZXJzL2hhcmlzYXppei9Ecm9wYm94L0dyb3VwIEJyYW5kdC9yZXNlYXJjaC9saWJyYXJ5L0JvZ29tb2xuYWlhIGV0IGFsLiBBIE5ldyBTb2x1dGlvbiB0byB0aGUgUmFuZG9tIEFzc2lnbm1lbnQgUHJvYmxlbSAoMjAwMSkucGRmAAATAAEvAAAVAAIAEP//AACABtIbHB0eWiRjbGFzc25hbWVYJGNsYXNzZXNdTlNNdXRhYmxlRGF0YaMdHyBWTlNEYXRhWE5TT2JqZWN00hscIiNcTlNEaWN0aW9uYXJ5oiIgXxAPTlNLZXllZEFyY2hpdmVy0SYnVHJvb3SAAQAIABEAGgAjAC0AMgA3AEAARgBNAFUAYABnAGoAbABuAHEAcwB1AHcAhACOARMBGAEgA7wDvgPDA84D1wPlA+kD8AP5A/4ECwQOBCAEIwQoAAAAAAAAAgEAAAAAAAAAKAAAAAAAAAAAAAAAAAAABCo=}}

@book{Kubi09a,
	Author = {W. Kubiak},
	Date-Added = {2015-12-21 21:27:21 +0000},
	Date-Modified = {2015-12-21 21:29:30 +0000},
	Publisher = {Springer},
	Title = {Proportional Optimization and Fairness},
	Year = {2009}}

@article{Grim04a,
	Author = {G. Grimmet},
	Date-Added = {2015-12-21 13:29:53 +0000},
	Date-Modified = {2015-12-21 13:30:50 +0000},
	Journal = {The American Mathematical Monthly},
	Number = {4},
	Pages = {299--307},
	Title = {Stochastic Apportionment},
	Volume = {111},
	Year = {2004}}

@incollection{Kilg10a,
	Author = {D. M. Kilgour},
	Booktitle = {Handbook on Approval Voting},
	Chapter = {6},
	Date-Added = {2015-12-21 06:05:54 +0000},
	Date-Modified = {2015-12-21 06:05:54 +0000},
	Publisher = {Springer},
	Title = {Approval Balloting for Multi-winner Elections},
	Year = {2010},
	Bdsk-File-1 = {YnBsaXN0MDDUAQIDBAUGJCVYJHZlcnNpb25YJG9iamVjdHNZJGFyY2hpdmVyVCR0b3ASAAGGoKgHCBMUFRYaIVUkbnVsbNMJCgsMDxJXTlMua2V5c1pOUy5vYmplY3RzViRjbGFzc6INDoACgAOiEBGABIAFgAdccmVsYXRpdmVQYXRoWWFsaWFzRGF0YV8Qdi4uLy4uLy4uLy4uLy4uL0Ryb3Bib3gvR3JvdXAgQnJhbmR0L3Jlc2VhcmNoL2xpYnJhcnkvS2lsZ291ci4gQXBwcm92YWwgQmFsbG90aW5nIGZvciBNdWx0aS13aW5uZXIgRWxlY3Rpb25zICgyMDEwKS5wZGbSFwsYGVdOUy5kYXRhTxECdAAAAAACdAACAAAMTWFjaW50b3NoIEhEAAAAAAAAAAAAAAAAAAAAzYx/4kgrAAAABSy1H0tpbGdvdXIuIEFwcHJvdmFsIEJhIzQ0MzI0OC5wZGYAAAAAAAAAAAAAAAAAAAAAAAAAAAAAAAAAAAAAAAAAAABEMkjOQ9ROAAAAAAAAAAAABQAFAAAJIAAAAAAAAAAAAAAAAAAAAAdsaWJyYXJ5AAAQAAgAAM2L80IAAAARAAgAAM5DR64AAAABABgABSy1AAUsrQAFJv4ABSX9AAUKVwACENUAAgBoTWFjaW50b3NoIEhEOlVzZXJzOgBoYXJpc2F6aXo6AERyb3Bib3g6AEdyb3VwIEJyYW5kdDoAcmVzZWFyY2g6AGxpYnJhcnk6AEtpbGdvdXIuIEFwcHJvdmFsIEJhIzQ0MzI0OC5wZGYADgCEAEEASwBpAGwAZwBvAHUAcgAuACAAQQBwAHAAcgBvAHYAYQBsACAAQgBhAGwAbABvAHQAaQBuAGcAIABmAG8AcgAgAE0AdQBsAHQAaQAtAHcAaQBuAG4AZQByACAARQBsAGUAYwB0AGkAbwBuAHMAIAAoADIAMAAxADAAKQAuAHAAZABmAA8AGgAMAE0AYQBjAGkAbgB0AG8AcwBoACAASABEABIAd1VzZXJzL2hhcmlzYXppei9Ecm9wYm94L0dyb3VwIEJyYW5kdC9yZXNlYXJjaC9saWJyYXJ5L0tpbGdvdXIuIEFwcHJvdmFsIEJhbGxvdGluZyBmb3IgTXVsdGktd2lubmVyIEVsZWN0aW9ucyAoMjAxMCkucGRmAAATAAEvAAAVAAIAEP//AACABtIbHB0eWiRjbGFzc25hbWVYJGNsYXNzZXNdTlNNdXRhYmxlRGF0YaMdHyBWTlNEYXRhWE5TT2JqZWN00hscIiNcTlNEaWN0aW9uYXJ5oiIgXxAPTlNLZXllZEFyY2hpdmVy0SYnVHJvb3SAAQAIABEAGgAjAC0AMgA3AEAARgBNAFUAYABnAGoAbABuAHEAcwB1AHcAhACOAQcBDAEUA4wDjgOTA54DpwO1A7kDwAPJA84D2wPeA/AD8wP4AAAAAAAAAgEAAAAAAAAAKAAAAAAAAAAAAAAAAAAAA/o=}}

@article{Gibb77a,
	Author = {A. Gibbard},
	Date-Added = {2015-12-21 06:04:59 +0000},
	Date-Modified = {2015-12-21 06:04:59 +0000},
	Journal = {Econometrica},
	Keywords = {strategyproof_irresolute, randomized social choice; ec-seminar_rsc},
	Number = {3},
	Pages = {665--681},
	Rating = {3},
	Title = {Manipulation of schemes that mix voting with chance},
	Volume = {45},
	Year = {1977},
	Bdsk-File-1 = {YnBsaXN0MDDUAQIDBAUGJCVYJHZlcnNpb25YJG9iamVjdHNZJGFyY2hpdmVyVCR0b3ASAAGGoKgHCBMUFRYaIVUkbnVsbNMJCgsMDxJXTlMua2V5c1pOUy5vYmplY3RzViRjbGFzc6INDoACgAOiEBGABIAFgAdccmVsYXRpdmVQYXRoWWFsaWFzRGF0YV8QfC4uLy4uLy4uLy4uLy4uL0Ryb3Bib3gvR3JvdXAgQnJhbmR0L3Jlc2VhcmNoL2xpYnJhcnkvR2liYmFyZC4gTWFuaXB1bGF0aW9uIG9mIHNjaGVtZXMgdGhhdCBtaXggdm90aW5nIHdpdGggY2hhbmNlICgxOTc3KS5wZGbSFwsYGVdOUy5kYXRhTxEChgAAAAAChgACAAAMTWFjaW50b3NoIEhEAAAAAAAAAAAAAAAAAAAAzYx/4kgrAAAABSy1H0dpYmJhcmQuIE1hbmlwdWxhdGkjMTJBMkFDMy5wZGYAAAAAAAAAAAAAAAAAAAAAAAAAAAAAAAAAAAAAAAAAAAEqKsPOz+alAAAAAAAAAAAABQAFAAAJIAAAAAAAAAAAAAAAAAAAAAdsaWJyYXJ5AAAQAAgAAM2L80IAAAARAAgAAM7PS/UAAAABABgABSy1AAUsrQAFJv4ABSX9AAUKVwACENUAAgBoTWFjaW50b3NoIEhEOlVzZXJzOgBoYXJpc2F6aXo6AERyb3Bib3g6AEdyb3VwIEJyYW5kdDoAcmVzZWFyY2g6AGxpYnJhcnk6AEdpYmJhcmQuIE1hbmlwdWxhdGkjMTJBMkFDMy5wZGYADgCQAEcARwBpAGIAYgBhAHIAZAAuACAATQBhAG4AaQBwAHUAbABhAHQAaQBvAG4AIABvAGYAIABzAGMAaABlAG0AZQBzACAAdABoAGEAdAAgAG0AaQB4ACAAdgBvAHQAaQBuAGcAIAB3AGkAdABoACAAYwBoAGEAbgBjAGUAIAAoADEAOQA3ADcAKQAuAHAAZABmAA8AGgAMAE0AYQBjAGkAbgB0AG8AcwBoACAASABEABIAfVVzZXJzL2hhcmlzYXppei9Ecm9wYm94L0dyb3VwIEJyYW5kdC9yZXNlYXJjaC9saWJyYXJ5L0dpYmJhcmQuIE1hbmlwdWxhdGlvbiBvZiBzY2hlbWVzIHRoYXQgbWl4IHZvdGluZyB3aXRoIGNoYW5jZSAoMTk3NykucGRmAAATAAEvAAAVAAIAEP//AACABtIbHB0eWiRjbGFzc25hbWVYJGNsYXNzZXNdTlNNdXRhYmxlRGF0YaMdHyBWTlNEYXRhWE5TT2JqZWN00hscIiNcTlNEaWN0aW9uYXJ5oiIgXxAPTlNLZXllZEFyY2hpdmVy0SYnVHJvb3SAAQAIABEAGgAjAC0AMgA3AEAARgBNAFUAYABnAGoAbABuAHEAcwB1AHcAhACOAQ0BEgEaA6QDpgOrA7YDvwPNA9ED2APhA+YD8wP2BAgECwQQAAAAAAAAAgEAAAAAAAAAKAAAAAAAAAAAAAAAAAAABBI=}}

@article{NiNi08a,
	Author = {H. F. Niemeyer and A. C. Niemeyer},
	Date-Added = {2015-12-21 06:04:21 +0000},
	Date-Modified = {2015-12-21 06:04:21 +0000},
	Journal = {Mathematical Social Sciences},
	Pages = {240--253},
	Title = {Apportionment methods},
	Volume = {56},
	Year = {2008}}

@book{Puke14a,
	Author = {Friedrich Pukelsheim},
	Date-Added = {2015-12-11 01:56:17 +0000},
	Date-Modified = {2016-05-02 20:07:11 +0000},
	Publisher = {Springer},
	Title = {Proportional Representation: Apportionment Methods and Their Applications},
	Year = {2014}}

@article{Mayb78a,
	Author = {J. P. Mayberry},
	Date-Added = {2015-12-11 01:55:56 +0000},
	Date-Modified = {2015-12-11 01:55:56 +0000},
	Journal = {Proceedings of the National Academy of Sciences (PNAS)},
	Number = {8},
	Pages = {3537-3539},
	Title = {Quota methods for congressional apportionment are still non-unique},
	Volume = {75},
	Year = {1978}}

@article{Birk76a,
	Author = {G. Birkhoff},
	Date-Added = {2015-12-11 01:55:45 +0000},
	Date-Modified = {2015-12-11 01:55:45 +0000},
	Journal = {Proceedings of the National Academy of Sciences (PNAS)},
	Number = {3},
	Pages = {684--686},
	Title = {House monotone apportionment schemes},
	Volume = {73},
	Year = {1976}}

@book{BaYo82a,
	Author = {M. Balinski and H. P. Young},
	Date-Added = {2015-12-11 01:55:21 +0000},
	Date-Modified = {2015-12-11 01:55:21 +0000},
	Publisher = {Yale University Press},
	Title = {Fair Representation},
	Year = {1982}}

@article{BaYo80a,
	Author = {M. L. Balinski and H. P. Young},
	Date-Added = {2015-12-11 01:54:42 +0000},
	Date-Modified = {2015-12-11 01:54:42 +0000},
	Journal = {Proceedings of the National Academy of Sciences (PNAS)},
	Number = {1},
	Pages = {1--4},
	Title = {The Webster method of apportionment},
	Volume = {77},
	Year = {1980}}

@inproceedings{ALM+16a,
	Author = {H. Aziz and O. Lev and N. Mattei and J. S. Rosenchein and T. Walsh},
	Booktitle = proc # { 30th } # aaai,
	Date-Added = {2015-11-19 23:41:36 +0000},
	Date-Modified = {2016-07-08 17:24:37 +0000},
	Pages = {397-403},
	Title = {Strategyproof Peer Selection: Mechanisms, Analyses, and Experiments},
	Year = {2016}}

@article{Mack15a,
	Author = {A. Mackenzie},
	Date-Added = {2015-09-10 04:20:41 +0000},
	Date-Modified = {2015-09-10 04:20:41 +0000},
	Journal = {Games and Economic Behavior},
	Number = {1},
	Pages = {15--28},
	Title = {Symmetry and impartial lotteries},
	Volume = {94},
	Year = {2015}}

@book{Youn94a,
	Author = {H. P. Young},
	Date-Added = {2015-09-08 23:56:45 +0000},
	Date-Modified = {2015-09-08 23:56:45 +0000},
	Keywords = {population-consistency},
	Publisher = {Princeton University Press},
	Title = {Equity: in Theory and Practice},
	Year = {1994}}

@article{Sat75,
	Author = {Mark Allen Satterthwaite},
	Date-Added = {2015-09-04 03:02:19 +0000},
	Date-Modified = {2015-09-04 03:02:19 +0000},
	Journal = {Journal of Economic Theory},
	Month = {April},
	Number = {2},
	Pages = {187-217},
	Title = {Strategy-proofness and {A}rrow's conditions: Existence and correspondence theorems for voting procedures and social welfare functions},
	Volume = {10},
	Year = {1975}}

@article{Gib73,
	Author = {Allan Gibbard},
	Date-Added = {2015-09-04 03:02:14 +0000},
	Date-Modified = {2015-09-04 03:02:14 +0000},
	Journal = {Econometrica},
	Month = {July},
	Number = {4},
	Pages = {587-602},
	Title = {Manipulation of voting schemes},
	Volume = {41},
	Year = {1973}}

@techreport{JoRa15a,
	Author = {T. Joachims and K. Raman},
	Institution = {Cornell University},
	Title = {Bayesian Ordinal Aggregation of Peer Assessments: A Case Study on {KDD} 2015},
	Year = {2015}}

@techreport{NSF14a,
	Author = {The National Science Foundation},
	Institution = {The National Science Foundation (USA)},
	Title = {Report to the National Science Board on the National Science Foundation?s Merit Review Process Fiscal Year 2014},
	Year = {2014}}

@inproceedings{RaJo14a,
	Author = {K. Raman and T. Joachims},
	Booktitle = {ACM SIGKDD Conference on Knowledge Discovery and Data Mining (KDD)},
	Title = {Methods for Ordinal Peer Grading},
	Year = 2014}

@article{GoPr14a,
	Author = {J. Goldman and A. D. Procaccia},
	Date-Added = {2015-08-25 01:19:25 +0000},
	Date-Modified = {2015-08-25 01:19:25 +0000},
	Journal = {ACM SIGecom Exchanges},
	Number = {2},
	Pages = {41--46},
	Title = {Spliddit: Unleashing Fair Division Algorithms},
	Volume = {13},
	Year = {2014},
	Bdsk-File-1 = {YnBsaXN0MDDUAQIDBAUGJCVYJHZlcnNpb25YJG9iamVjdHNZJGFyY2hpdmVyVCR0b3ASAAGGoKgHCBMUFRYaIVUkbnVsbNMJCgsMDxJXTlMua2V5c1pOUy5vYmplY3RzViRjbGFzc6INDoACgAOiEBGABIAFgAdccmVsYXRpdmVQYXRoWWFsaWFzRGF0YV8Qey4uLy4uLy4uLy4uLy4uL0Ryb3Bib3gvR3JvdXAgQnJhbmR0L3Jlc2VhcmNoL2xpYnJhcnkvR29sZG1hbiBldCBhbC4gU3BsaWRkaXQgVW5sZWFzaGluZyBGYWlyIERpdmlzaW9uIEFsZ29yaXRobXMgKDIwMTQpLnBkZtIXCxgZV05TLmRhdGFPEQKCAAAAAAKCAAIAAAxNYWNpbnRvc2ggSEQAAAAAAAAAAAAAAAAAAADNjH/iSCsAAAAFLLUfR29sZG1hbiBldCBhbC4gU3BsaSMxMkEyQTkyLnBkZgAAAAAAAAAAAAAAAAAAAAAAAAAAAAAAAAAAAAAAAAAAASoqktDpkrMAAAAAAAAAAAAFAAUAAAkgAAAAAAAAAAAAAAAAAAAAB2xpYnJhcnkAABAACAAAzYvzQgAAABEACAAA0Oj4AwAAAAEAGAAFLLUABSytAAUm/gAFJf0ABQpXAAIQ1QACAGhNYWNpbnRvc2ggSEQ6VXNlcnM6AGhhcmlzYXppejoARHJvcGJveDoAR3JvdXAgQnJhbmR0OgByZXNlYXJjaDoAbGlicmFyeToAR29sZG1hbiBldCBhbC4gU3BsaSMxMkEyQTkyLnBkZgAOAI4ARgBHAG8AbABkAG0AYQBuACAAZQB0ACAAYQBsAC4AIABTAHAAbABpAGQAZABpAHQAIABVAG4AbABlAGEAcwBoAGkAbgBnACAARgBhAGkAcgAgAEQAaQB2AGkAcwBpAG8AbgAgAEEAbABnAG8AcgBpAHQAaABtAHMAIAAoADIAMAAxADQAKQAuAHAAZABmAA8AGgAMAE0AYQBjAGkAbgB0AG8AcwBoACAASABEABIAfFVzZXJzL2hhcmlzYXppei9Ecm9wYm94L0dyb3VwIEJyYW5kdC9yZXNlYXJjaC9saWJyYXJ5L0dvbGRtYW4gZXQgYWwuIFNwbGlkZGl0IFVubGVhc2hpbmcgRmFpciBEaXZpc2lvbiBBbGdvcml0aG1zICgyMDE0KS5wZGYAEwABLwAAFQACABD//wAAgAbSGxwdHlokY2xhc3NuYW1lWCRjbGFzc2VzXU5TTXV0YWJsZURhdGGjHR8gVk5TRGF0YVhOU09iamVjdNIbHCIjXE5TRGljdGlvbmFyeaIiIF8QD05TS2V5ZWRBcmNoaXZlctEmJ1Ryb290gAEACAARABoAIwAtADIANwBAAEYATQBVAGAAZwBqAGwAbgBxAHMAdQB3AIQAjgEMAREBGQOfA6EDpgOxA7oDyAPMA9MD3APhA+4D8QQDBAYECwAAAAAAAAIBAAAAAAAAACgAAAAAAAAAAAAAAAAAAAQN}}

@article{LGE10,
	Author = {Karim R. Lakhani and David A. Garvin and Eric Lonstein},
	Date-Added = {2015-08-24 05:15:19 +0000},
	Date-Modified = {2015-08-24 05:15:19 +0000},
	Journal = {Harvard Business Review},
	Title = {TopCoder (A): Developing software through crowdsourcing},
	Year = {2010}}

@inproceedings{MG07,
	Author = {Miranda Mowbray and Dieter Gollmann},
	Booktitle = {Proceedings of the IEEE Symposium on Computer Security Foundations},
	Date-Added = {2015-08-24 04:53:46 +0000},
	Date-Modified = {2015-08-24 04:55:58 +0000},
	Pages = {295-310},
	Title = {Electing the {D}oge of {V}enice: {A}nalysis of a 13th century protocol},
	Year = {2007}}

@inproceedings{BNV14a,
	Author = {N. Bousquet and S. Norin and A. Vetta},
	Booktitle = proc # { 10th } # wine,
	Date-Added = {2015-07-22 04:06:05 +0000},
	Date-Modified = {2016-02-08 07:02:34 +0000},
	Series = lncs,
	Title = {A Near-Optimal Mechanism for Impartial Selection},
	Year = {2014}}

@unpublished{BeGj14a,
	Author = {D. Berga and R. Gjorgjiev},
	Date-Added = {2015-07-15 02:48:49 +0000},
	Date-Modified = {2015-09-09 05:49:10 +0000},
	Note = {Working paper},
	Title = {Impartial social rankings},
	Year = {2014}}

@inproceedings{KLMP15b,
	Author = {D. Kurokawa and O. Lev and J. Morgenstern and A. D. Procaccia},
	Booktitle = proc # { 23rd } # ijcai,
	Date-Added = {2015-07-15 02:34:37 +0000},
	Date-Modified = {2016-01-28 13:24:40 +0000},
	Publisher = {AAAI Press},
	Title = {Impartial Peer Review},
	Year = {2015}}

@inproceedings{AlTe05b,
	Author = {A. Altman and M. Tennenholtz},
	Booktitle = proc # { 6th } # acmecold,
	Date-Added = {2015-03-09 11:22:54 +0000},
	Date-Modified = {2016-02-08 07:05:55 +0000},
	Pages = {1--8},
	Publisher = acm,
	Title = {Ranking Systems: {T}he {P}age{R}ank Axioms},
	Year = {2005}}

@inproceedings{AlTe07a,
	Author = {A. Altman and M. Tennenholtz},
	Booktitle = proc # { 6th } # aamas,
	Date-Added = {2015-03-09 11:22:54 +0000},
	Date-Modified = {2016-02-08 07:04:57 +0000},
	Pages = {546--553},
	Publisher = {IFAAMAS},
	Title = {Incentive Compatible Ranking Systems},
	Year = {2007}}

@article{AlTe08a,
	Author = {A. Altman and M. Tennenholtz},
	Date-Added = {2015-03-09 11:22:54 +0000},
	Date-Modified = {2015-09-09 05:52:09 +0000},
	Journal = {Journal of Artificial Intelligence Research},
	Pages = {473--495},
	Title = {Axiomatic Foundations for Ranking Systems},
	Volume = {31},
	Year = {2008},
	Bdsk-File-1 = {YnBsaXN0MDDUAQIDBAUGJCVYJHZlcnNpb25YJG9iamVjdHNZJGFyY2hpdmVyVCR0b3ASAAGGoKgHCBMUFRYaIVUkbnVsbNMJCgsMDxJXTlMua2V5c1pOUy5vYmplY3RzViRjbGFzc6INDoACgAOiEBGABIAFgAdccmVsYXRpdmVQYXRoWWFsaWFzRGF0YV8Qdy4uLy4uLy4uLy4uLy4uL0Ryb3Bib3gvR3JvdXAgQnJhbmR0L3Jlc2VhcmNoL2xpYnJhcnkvQWx0bWFuIGV0IGFsLiBBeGlvbWF0aWMgRm91bmRhdGlvbnMgZm9yIFJhbmtpbmcgU3lzdGVtcyAoMjAwOCkucGRm0hcLGBlXTlMuZGF0YU8RAnYAAAAAAnYAAgAADE1hY2ludG9zaCBIRAAAAAAAAAAAAAAAAAAAAM2Mf+JIKwAAAAUstR9BbHRtYW4gZXQgYWwuIEF4aW9tIzEyQTI5NDkucGRmAAAAAAAAAAAAAAAAAAAAAAAAAAAAAAAAAAAAAAAAAAABKilJz16yNAAAAAAAAAAAAAUABQAACSAAAAAAAAAAAAAAAAAAAAAHbGlicmFyeQAAEAAIAADNi/NCAAAAEQAIAADPXheEAAAAAQAYAAUstQAFLK0ABSb+AAUl/QAFClcAAhDVAAIAaE1hY2ludG9zaCBIRDpVc2VyczoAaGFyaXNheml6OgBEcm9wYm94OgBHcm91cCBCcmFuZHQ6AHJlc2VhcmNoOgBsaWJyYXJ5OgBBbHRtYW4gZXQgYWwuIEF4aW9tIzEyQTI5NDkucGRmAA4AhgBCAEEAbAB0AG0AYQBuACAAZQB0ACAAYQBsAC4AIABBAHgAaQBvAG0AYQB0AGkAYwAgAEYAbwB1AG4AZABhAHQAaQBvAG4AcwAgAGYAbwByACAAUgBhAG4AawBpAG4AZwAgAFMAeQBzAHQAZQBtAHMAIAAoADIAMAAwADgAKQAuAHAAZABmAA8AGgAMAE0AYQBjAGkAbgB0AG8AcwBoACAASABEABIAeFVzZXJzL2hhcmlzYXppei9Ecm9wYm94L0dyb3VwIEJyYW5kdC9yZXNlYXJjaC9saWJyYXJ5L0FsdG1hbiBldCBhbC4gQXhpb21hdGljIEZvdW5kYXRpb25zIGZvciBSYW5raW5nIFN5c3RlbXMgKDIwMDgpLnBkZgATAAEvAAAVAAIAEP//AACABtIbHB0eWiRjbGFzc25hbWVYJGNsYXNzZXNdTlNNdXRhYmxlRGF0YaMdHyBWTlNEYXRhWE5TT2JqZWN00hscIiNcTlNEaWN0aW9uYXJ5oiIgXxAPTlNLZXllZEFyY2hpdmVy0SYnVHJvb3SAAQAIABEAGgAjAC0AMgA3AEAARgBNAFUAYABnAGoAbABuAHEAcwB1AHcAhACOAQgBDQEVA48DkQOWA6EDqgO4A7wDwwPMA9ED3gPhA/MD9gP7AAAAAAAAAgEAAAAAAAAAKAAAAAAAAAAAAAAAAAAAA/0=}}

@article{AlTe10a,
	Author = {A. Altman and M. Tennenholtz},
	Date-Added = {2015-03-09 11:22:54 +0000},
	Date-Modified = {2015-03-09 11:22:54 +0000},
	Journal = {Journal of the ACM},
	Number = {4},
	Title = {An axiomatic approach to personalized ranking systems},
	Volume = {57},
	Year = {2010},
	Bdsk-File-1 = {YnBsaXN0MDDUAQIDBAUGJCVYJHZlcnNpb25YJG9iamVjdHNZJGFyY2hpdmVyVCR0b3ASAAGGoKgHCBMUFRYaIVUkbnVsbNMJCgsMDxJXTlMua2V5c1pOUy5vYmplY3RzViRjbGFzc6INDoACgAOiEBGABIAFgAdccmVsYXRpdmVQYXRoWWFsaWFzRGF0YV8Qgy4uLy4uLy4uLy4uLy4uL0Ryb3Bib3gvR3JvdXAgQnJhbmR0L3Jlc2VhcmNoL2xpYnJhcnkvQWx0bWFuIGV0IGFsLiBBbiBheGlvbWF0aWMgYXBwcm9hY2ggdG8gcGVyc29uYWxpemVkIHJhbmtpbmcgc3lzdGVtcyAoMjAxMCkucGRm0hcLGBlXTlMuZGF0YU8RApoAAAAAApoAAgAADE1hY2ludG9zaCBIRAAAAAAAAAAAAAAAAAAAAM2Mf+JIKwAAAAUstR9BbHRtYW4gZXQgYWwuIEFuIGF4IzEyQTJENEQucGRmAAAAAAAAAAAAAAAAAAAAAAAAAAAAAAAAAAAAAAAAAAABKi1Nz5Hv6wAAAAAAAAAAAAUABQAACSAAAAAAAAAAAAAAAAAAAAAHbGlicmFyeQAAEAAIAADNi/NCAAAAEQAIAADPkWNLAAAAAQAYAAUstQAFLK0ABSb+AAUl/QAFClcAAhDVAAIAaE1hY2ludG9zaCBIRDpVc2VyczoAaGFyaXNheml6OgBEcm9wYm94OgBHcm91cCBCcmFuZHQ6AHJlc2VhcmNoOgBsaWJyYXJ5OgBBbHRtYW4gZXQgYWwuIEFuIGF4IzEyQTJENEQucGRmAA4AngBOAEEAbAB0AG0AYQBuACAAZQB0ACAAYQBsAC4AIABBAG4AIABhAHgAaQBvAG0AYQB0AGkAYwAgAGEAcABwAHIAbwBhAGMAaAAgAHQAbwAgAHAAZQByAHMAbwBuAGEAbABpAHoAZQBkACAAcgBhAG4AawBpAG4AZwAgAHMAeQBzAHQAZQBtAHMAIAAoADIAMAAxADAAKQAuAHAAZABmAA8AGgAMAE0AYQBjAGkAbgB0AG8AcwBoACAASABEABIAhFVzZXJzL2hhcmlzYXppei9Ecm9wYm94L0dyb3VwIEJyYW5kdC9yZXNlYXJjaC9saWJyYXJ5L0FsdG1hbiBldCBhbC4gQW4gYXhpb21hdGljIGFwcHJvYWNoIHRvIHBlcnNvbmFsaXplZCByYW5raW5nIHN5c3RlbXMgKDIwMTApLnBkZgATAAEvAAAVAAIAEP//AACABtIbHB0eWiRjbGFzc25hbWVYJGNsYXNzZXNdTlNNdXRhYmxlRGF0YaMdHyBWTlNEYXRhWE5TT2JqZWN00hscIiNcTlNEaWN0aW9uYXJ5oiIgXxAPTlNLZXllZEFyY2hpdmVy0SYnVHJvb3SAAQAIABEAGgAjAC0AMgA3AEAARgBNAFUAYABnAGoAbABuAHEAcwB1AHcAhACOARQBGQEhA78DwQPGA9ED2gPoA+wD8wP8BAEEDgQRBCMEJgQrAAAAAAAAAgEAAAAAAAAAKAAAAAAAAAAAAAAAAAAABC0=}}

@inproceedings{Wals14a,
	Author = {T. Walsh},
	Booktitle = proc # { 21st } # ecai,
	Date-Added = {2015-03-04 07:31:29 +0000},
	Date-Modified = {2016-02-08 07:06:17 +0000},
	Keywords = {prize},
	Pages = {909--914},
	Title = {The {PeerRank} Method for Peer Assessment},
	Year = {2014}}

@inproceedings{AFPT11a,
	Author = {N. Alon and F. Fischer and A. D. Procaccia and M. Tennenholtz},
	Booktitle = proc # { 13th } # tark,
	Date-Added = {2015-03-04 07:31:29 +0000},
	Date-Modified = {2016-02-08 07:06:06 +0000},
	Keywords = {prize},
	Pages = {101--110},
	Title = {Sum of Us: Strategyproof Selection from the Selectors},
	Year = {2011}}

@inproceedings{FeKl14a,
	Author = {F. Fischer and M. Klimm},
	Booktitle = proc # { 15th } # acmec,
	Date-Added = {2015-03-04 07:31:29 +0000},
	Date-Modified = {2016-02-08 07:05:13 +0000},
	Keywords = {prize},
	Pages = {803--820},
	Publisher = acm,
	Title = {Optimal Impartial Selection},
	Year = {2014},
	Bdsk-File-1 = {YnBsaXN0MDDUAQIDBAUGJCVYJHZlcnNpb25YJG9iamVjdHNZJGFyY2hpdmVyVCR0b3ASAAGGoKgHCBMUFRYaIVUkbnVsbNMJCgsMDxJXTlMua2V5c1pOUy5vYmplY3RzViRjbGFzc6INDoACgAOiEBGABIAFgAdccmVsYXRpdmVQYXRoWWFsaWFzRGF0YV8Qai4uLy4uLy4uLy4uLy4uL0Ryb3Bib3gvR3JvdXAgQnJhbmR0L3Jlc2VhcmNoL2xpYnJhcnkvRmlzY2hlciBldCBhbC4gT3B0aW1hbCBJbXBhcnRpYWwgU2VsZWN0aW9uICgyMDE0KS5wZGbSFwsYGVdOUy5kYXRhTxECUAAAAAACUAACAAAMTWFjaW50b3NoIEhEAAAAAAAAAAAAAAAAAAAAzYx/4kgrAAAABSy1H0Zpc2NoZXIgZXQgYWwuIE9wdGkjMTJBMjZDRC5wZGYAAAAAAAAAAAAAAAAAAAAAAAAAAAAAAAAAAAAAAAAAAAEqJs3PvTusAAAAAAAAAAAABQAFAAAJIAAAAAAAAAAAAAAAAAAAAAdsaWJyYXJ5AAAQAAgAAM2L80IAAAARAAgAAM+8rwwAAAABABgABSy1AAUsrQAFJv4ABSX9AAUKVwACENUAAgBoTWFjaW50b3NoIEhEOlVzZXJzOgBoYXJpc2F6aXo6AERyb3Bib3g6AEdyb3VwIEJyYW5kdDoAcmVzZWFyY2g6AGxpYnJhcnk6AEZpc2NoZXIgZXQgYWwuIE9wdGkjMTJBMjZDRC5wZGYADgBsADUARgBpAHMAYwBoAGUAcgAgAGUAdAAgAGEAbAAuACAATwBwAHQAaQBtAGEAbAAgAEkAbQBwAGEAcgB0AGkAYQBsACAAUwBlAGwAZQBjAHQAaQBvAG4AIAAoADIAMAAxADQAKQAuAHAAZABmAA8AGgAMAE0AYQBjAGkAbgB0AG8AcwBoACAASABEABIAa1VzZXJzL2hhcmlzYXppei9Ecm9wYm94L0dyb3VwIEJyYW5kdC9yZXNlYXJjaC9saWJyYXJ5L0Zpc2NoZXIgZXQgYWwuIE9wdGltYWwgSW1wYXJ0aWFsIFNlbGVjdGlvbiAoMjAxNCkucGRmAAATAAEvAAAVAAIAEP//AACABtIbHB0eWiRjbGFzc25hbWVYJGNsYXNzZXNdTlNNdXRhYmxlRGF0YaMdHyBWTlNEYXRhWE5TT2JqZWN00hscIiNcTlNEaWN0aW9uYXJ5oiIgXxAPTlNLZXllZEFyY2hpdmVy0SYnVHJvb3SAAQAIABEAGgAjAC0AMgA3AEAARgBNAFUAYABnAGoAbABuAHEAcwB1AHcAhACOAPsBAAEIA1wDXgNjA24DdwOFA4kDkAOZA54DqwOuA8ADwwPIAAAAAAAAAgEAAAAAAAAAKAAAAAAAAAAAAAAAAAAAA8o=}}

@article{HoMo13a,
	Author = {R. Holzman and H. Moulin},
	Date-Added = {2015-03-04 07:31:29 +0000},
	Date-Modified = {2015-03-04 07:31:29 +0000},
	Journal = {Econometrica},
	Keywords = {prize},
	Number = {1},
	Pages = {173--196},
	Title = {Impartial Nominations for a Prize},
	Volume = {81},
	Year = {2013},
	Bdsk-File-1 = {YnBsaXN0MDDUAQIDBAUGJCVYJHZlcnNpb25YJG9iamVjdHNZJGFyY2hpdmVyVCR0b3ASAAGGoKgHCBMUFRYaIVUkbnVsbNMJCgsMDxJXTlMua2V5c1pOUy5vYmplY3RzViRjbGFzc6INDoACgAOiEBGABIAFgAdccmVsYXRpdmVQYXRoWWFsaWFzRGF0YV8QcS4uLy4uLy4uLy4uLy4uL0Ryb3Bib3gvR3JvdXAgQnJhbmR0L3Jlc2VhcmNoL2xpYnJhcnkvSG9sem1hbiBldCBhbC4gSW1wYXJ0aWFsIE5vbWluYXRpb25zIGZvciBhIFByaXplICgyMDEzKTAucGRm0hcLGBlXTlMuZGF0YU8RAmQAAAAAAmQAAgAADE1hY2ludG9zaCBIRAAAAAAAAAAAAAAAAAAAAM2Mf+JIKwAAAAUstR9Ib2x6bWFuIGV0IGFsLiBJbXBhIzEyQTI4MDAucGRmAAAAAAAAAAAAAAAAAAAAAAAAAAAAAAAAAAAAAAAAAAABKigAzrOHYwAAAAAAAAAAAAUABQAACSAAAAAAAAAAAAAAAAAAAAAHbGlicmFyeQAAEAAIAADNi/NCAAAAEQAIAADOsuyzAAAAAQAYAAUstQAFLK0ABSb+AAUl/QAFClcAAhDVAAIAaE1hY2ludG9zaCBIRDpVc2VyczoAaGFyaXNheml6OgBEcm9wYm94OgBHcm91cCBCcmFuZHQ6AHJlc2VhcmNoOgBsaWJyYXJ5OgBIb2x6bWFuIGV0IGFsLiBJbXBhIzEyQTI4MDAucGRmAA4AegA8AEgAbwBsAHoAbQBhAG4AIABlAHQAIABhAGwALgAgAEkAbQBwAGEAcgB0AGkAYQBsACAATgBvAG0AaQBuAGEAdABpAG8AbgBzACAAZgBvAHIAIABhACAAUAByAGkAegBlACAAKAAyADAAMQAzACkAMAAuAHAAZABmAA8AGgAMAE0AYQBjAGkAbgB0AG8AcwBoACAASABEABIAclVzZXJzL2hhcmlzYXppei9Ecm9wYm94L0dyb3VwIEJyYW5kdC9yZXNlYXJjaC9saWJyYXJ5L0hvbHptYW4gZXQgYWwuIEltcGFydGlhbCBOb21pbmF0aW9ucyBmb3IgYSBQcml6ZSAoMjAxMykwLnBkZgATAAEvAAAVAAIAEP//AACABtIbHB0eWiRjbGFzc25hbWVYJGNsYXNzZXNdTlNNdXRhYmxlRGF0YaMdHyBWTlNEYXRhWE5TT2JqZWN00hscIiNcTlNEaWN0aW9uYXJ5oiIgXxAPTlNLZXllZEFyY2hpdmVy0SYnVHJvb3SAAQAIABEAGgAjAC0AMgA3AEAARgBNAFUAYABnAGoAbABuAHEAcwB1AHcAhACOAQIBBwEPA3cDeQN+A4kDkgOgA6QDqwO0A7kDxgPJA9sD3gPjAAAAAAAAAgEAAAAAAAAAKAAAAAAAAAAAAAAAAAAAA+U=}}

@article{CMT08a,
	Author = {G. de Clippel and H. Moulin and N. Tideman},
	Date-Added = {2015-03-04 07:31:29 +0000},
	Date-Modified = {2015-03-04 07:31:29 +0000},
	Journal = {Journal of Economic Theory},
	Keywords = {prize},
	Pages = {176--191},
	Title = {Impartial division of a dollar},
	Volume = {139},
	Year = {2008}}

@inproceedings{WTL15a,
	Author = {J. Wright and C. Thornton and K. Leyton-Brown},
	Booktitle = proc # { } # sigcse,
	Date-Modified = {2016-02-08 07:05:45 +0000},
	Title = {{Mechanical TA}: {P}artially Automated High-Stakes Peer Grading},
	Year = {2015}}

@inproceedings{DeSh13a,
	Author = {L. De Alfaro and M. Shavlovsky},
	Booktitle = proc # { } # sigcse,
	Date-Modified = {2016-02-08 07:05:26 +0000},
	Pages = {415--420},
	Title = {{CrowdGrader: Crowdsourcing the Evaluation of Homework Assignments}},
	Year = {2014}}

@inproceedings{PHCD+13a,
	Author = {Piech, C. and Huang, J. and Chen, Z. and Do, C. and Ng, A. and Koller, D.},
	Booktitle = proc # { 6th } # edm,
	Date-Modified = {2016-02-08 07:06:30 +0000},
	Pages = {153--160},
	Title = {Tuned models of peer assessment in {MOOC}s},
	Year = {2013}}

@article{KWLC13a,
	Author = {C. Kulkarni and K.P. Wei and H. Le and K. D. Chia},
	Journal = acmtchi,
	Month = dec,
	Number = {6},
	Pages = {1--31},
	Title = {Peer and self assessment in massive online classes},
	Volume = {20},
	Year = {2013}}

@article{Robi01a,
	Author = {Robinson, R},
	Journal = {The American Biology Teacher},
	Number = {7},
	Pages = {474--476},
	Title = {Calibrated Peer Review an Application to Increase Student Reading and Writing Skills},
	Volume = {63},
	Year = {2001}}

@article{MeSa09a,
	Author = {M. R. Merrifield and D. G. Saari},
	Journal = {Astronomy \& Geophysics},
	Number = {4},
	Pages = {4--16},
	Publisher = {Oxford University Press},
	Title = {Telescope time without tears: a distributed approach to peer review},
	Volume = {50},
	Year = {2009}}

@misc{Haze13a,
	Author = {G. A. Hazelrigg},
	Date-Modified = {2016-02-08 01:41:52 +0000},
	Howpublished = {NSF Website, http://www.nsf.gov/pubs/2013/nsf13096/nsf13096.jsp},
	Title = {{Dear Colleague Letter: Information to Principal Investigators (PIs) Planning to Submit Proposals to the Sensors and Sensing Systems (SSS) Program October 1, 2013, Deadline}},
	Year = {2013}}

@article{NaLi13a,
	Archiveprefix = {arXiv},
	Arxivid = {arXiv:1307.6528v1},
	Author = {Naghizadeh, Parinaz and Liu, M},
	Eprint = {arXiv:1307.6528v1},
	Journal = {arXiv preprint arXiv:1307.6528},
	Pages = {1--10},
	Title = {Incentives, Quality, and Risks: A Look Into the {NSF} Proposal Review Pilot},
	Url = {http://arxiv.org/abs/1307.6528},
	Year = {2013},
	Bdsk-Url-1 = {http://arxiv.org/abs/1307.6528}}

@techreport{KLMP15a,
	Author = {Kurokawa, D. and Lev, O. and Morgenstern, J. and Procaccia, A. D.},
	Pages = {22},
	Title = {Impartial Peer Review},
	Year = {2014}}

@inproceedings{RRS11a,
	Author = {M. Roos and J. Rothe and B. Scheuermann},
	Booktitle = proc # { 25th } # aaai,
	Date-Modified = {2016-01-28 13:24:49 +0000},
	Pages = {255--260},
	Title = {How to Calibrate the Scores of Biased Reviewers by Quadratic Programming},
	Year = {2011}}

@inproceedings{Bout12a,
	Author = {C. Boutilier},
	Booktitle = proc # { 11th } # aamas,
	Date-Modified = {2016-02-08 07:04:41 +0000},
	Pages = {737--744},
	Title = {Eliciting forecasts from self-interested experts: scoring rules for decision makers},
	Year = {2012}}

@article{PRM13a,
	Author = {A. Popova and M. Regenwetter and N. Mattei},
	Journal = amai,
	Number = {1--3},
	Pages = {135--160},
	Title = {A Behavioral Perspective on Social Choice},
	Volume = {68},
	Year = {2013}}

@inproceedings{MaWa13a,
	Author = {N. Mattei and T. Walsh},
	Booktitle = proc # { 3rd } # adt,
	Pages = {259--270},
	Title = {PrefLib: {A} Library for Preferences. \textsc{http://www.preflib.org}},
	Year = {2013}}

@inproceedings{LuBo11a,
	Author = {Lu, T. and Boutilier, C.},
	Booktitle = proc # { 28th } # icml,
	Date-Modified = {2016-02-08 07:01:02 +0000},
	Pages = {145--152},
	Title = {Learning {M}allows models with pairwise preferences},
	Year = {2011}}

@article{Mall57a,
	Author = {Mallows, C.},
	Journal = {Biometrika},
	Number = {1},
	Pages = {114--130},
	Title = {Non-null ranking models},
	Volume = {44},
	Year = {1957}}

@techreport{CGMP15a,
	Author = {D. Court and B. Gillen and J. McKenzie and C. R. Plott},
	Institution = {California Institute of Technology},
	Number = {SSWP-1412},
	Title = {Two Information Aggregation Mechanisms for Predicting the Opening Weekend Box Office Revenues of Films: {B}oxoffice {P}rophecy and Guess of Guesses},
	Year = {2015}}
