@inproceedings{zhou2020data,
  title={A Data-Driven Graph Generative Model for Temporal Interaction Networks},
  author={Zhou, Dawei and Zheng, Lecheng and Han, Jiawei and He, Jingrui},
  booktitle={Proceedings of the 26th ACM SIGKDD International Conference on Knowledge Discovery \& Data Mining},
  pages={401--411},
  year={2020}
}

@inproceedings{niepert2016learning,
  title={Learning convolutional neural networks for graphs},
  author={Niepert, Mathias and Ahmed, Mohamed and Kutzkov, Konstantin},
  booktitle={International conference on machine learning},
  pages={2014--2023},
  year={2016}
}

@inproceedings{hu2020heterogeneous,
  title={Heterogeneous graph transformer},
  author={Hu, Ziniu and Dong, Yuxiao and Wang, Kuansan and Sun, Yizhou},
  booktitle={Proceedings of The Web Conference 2020},
  pages={2704--2710},
  year={2020}
}

@article{Nguyen2019U2GNN,
	author={Dai Quoc Nguyen and Tu Dinh Nguyen and Dinh Phung},
	title={{Universal Self-Attention Network for Graph Classification}},
	journal={arXiv preprint arXiv:1909.11855},
	year={2019}
}

@inproceedings{yun2019graph,
  title={Graph transformer networks},
  author={Yun, Seongjun and Jeong, Minbyul and Kim, Raehyun and Kang, Jaewoo and Kim, Hyunwoo J},
  booktitle={Advances in Neural Information Processing Systems},
  pages={11983--11993},
  year={2019}
}

@misc{
li2019graph,
title={Graph Transformer },
author={Yuan Li and Xiaodan Liang and Zhiting Hu and Yinbo Chen and Eric P. Xing},
year={2019},
url={https://openreview.net/forum?id=HJei-2RcK7},
}

@misc{radford2018improving,
  title={Improving language understanding by generative pre-training},
  year={2018},
  author={Radford, Alec and Narasimhan, Karthik and Salimans, Tim and Sutskever, Ilya}
}

@article{devlin2018bert,
  title={Bert: Pre-training of deep bidirectional transformers for language understanding},
  author={Devlin, Jacob and Chang, Ming-Wei and Lee, Kenton and Toutanova, Kristina},
  journal={arXiv preprint arXiv:1810.04805},
  year={2018}
}

@article{joshi2020transformers,
author = {Joshi, Chaitanya},
title = {Transformers are Graph Neural Networks},
journal = {The Gradient},
year = {2020},
howpublished = {\url{https://thegradient.pub/transformers-are-gaph-neural-networks/ } },
}

@article{zhang2020graph,
  title={Graph-Bert: Only Attention is Needed for Learning Graph Representations},
  author={Zhang, Jiawei and Zhang, Haopeng and Sun, Li and Xia, Congying},
  journal={arXiv preprint arXiv:2001.05140},
  year={2020}
}

@article{dwivedi2020benchmarking,
  title={Benchmarking graph neural networks},
  author={Dwivedi, Vijay Prakash and Joshi, Chaitanya K and Laurent, Thomas and Bengio, Yoshua and Bresson, Xavier},
  journal={arXiv preprint arXiv:2003.00982},
  year={2020}
}

@article{belkin2003laplacian,
  title={Laplacian eigenmaps for dimensionality reduction and data representation},
  author={Belkin, Mikhail and Niyogi, Partha},
  journal={Neural computation},
  volume={15},
  number={6},
  pages={1373--1396},
  year={2003},
  publisher={MIT Press}
}

@article{brown2020language,
  title={Language models are few-shot learners},
  author={Brown, Tom B and Mann, Benjamin and Ryder, Nick and Subbiah, Melanie and Kaplan, Jared and Dhariwal, Prafulla and Neelakantan, Arvind and Shyam, Pranav and Sastry, Girish and Askell, Amanda and others},
  journal={arXiv preprint arXiv:2005.14165},
  year={2020}
}


@misc{vignac2020building,
      title={Building powerful and equivariant graph neural networks with structural message-passing}, 
      author={Clement Vignac and Andreas Loukas and Pascal Frossard},
      year={2020},
      eprint={2006.15107},
      archivePrefix={arXiv},
      primaryClass={cs.LG}
}

@article{wu2018moleculenet,
  title={MoleculeNet: a benchmark for molecular machine learning},
  author={Wu, Zhenqin and Ramsundar, Bharath and Feinberg, Evan N and Gomes, Joseph and Geniesse, Caleb and Pappu, Aneesh S and Leswing, Karl and Pande, Vijay},
  journal={Chemical science},
  volume={9},
  number={2},
  pages={513--530},
  year={2018},
  publisher={Royal Society of Chemistry}
}


@article{corso2020principal,
  title={Principal neighbourhood aggregation for graph nets},
  author={Corso, Gabriele and Cavalleri, Luca and Beaini, Dominique and Li{\`o}, Pietro and Veli{\v{c}}kovi{\'c}, Petar},
  journal={arXiv preprint arXiv:2004.05718},
  year={2020}
}

@article{naor1995can,
  title={What can be computed locally?},
  author={Naor, Moni and Stockmeyer, Larry},
  journal={SIAM Journal on Computing},
  volume={24},
  number={6},
  pages={1259--1277},
  year={1995},
  publisher={SIAM}
}

@inproceedings{sato2019approximation,
  title={Approximation ratios of graph neural networks for combinatorial problems},
  author={Sato, Ryoma and Yamada, Makoto and Kashima, Hisashi},
  booktitle={Advances in Neural Information Processing Systems},
  pages={4081--4090},
  year={2019}
}


@article{li2020distance,
  title={Distance Encoding--Design Provably More Powerful GNNs for Structural Representation Learning},
  author={Li, Pan and Wang, Yanbang and Wang, Hongwei and Leskovec, Jure},
  journal={arXiv preprint arXiv:2009.00142},
  year={2020}
}

@inproceedings{
Loukas2020What,
title={What graph neural networks cannot learn: depth vs width},
author={Andreas Loukas},
booktitle={International Conference on Learning Representations},
year={2020},
url={https://openreview.net/forum?id=B1l2bp4YwS}
}

@article{von2007tutorial,
  title={A tutorial on spectral clustering},
  author={Von Luxburg, Ulrike},
  journal={Statistics and computing},
  volume={17},
  number={4},
  pages={395--416},
  year={2007},
  publisher={Springer}
}


@article{wang2020microsoft,
  title={Microsoft Academic Graph: When experts are not enough},
  author={Wang, Kuansan and Shen, Zhihong and Huang, Chiyuan and Wu, Chieh-Han and Dong, Yuxiao and Kanakia, Anshul},
  journal={Quantitative Science Studies},
  volume={1},
  number={1},
  pages={396--413},
  year={2020},
  publisher={MIT Press}
}

@article{fowlkes2004spectral,
  title={Spectral grouping using the Nystrom method},
  author={Fowlkes, Charless and Belongie, Serge and Chung, Fan and Malik, Jitendra},
  journal={IEEE transactions on pattern analysis and machine intelligence},
  volume={26},
  number={2},
  pages={214--225},
  year={2004},
  publisher={IEEE}
}

@inproceedings{watters2017visual,
  title={Visual interaction networks: Learning a physics simulator from video},
  author={Watters, Nicholas and Zoran, Daniel and Weber, Theophane and Battaglia, Peter and Pascanu, Razvan and Tacchetti, Andrea},
  booktitle={Advances in neural information processing systems},
  pages={4539--4547},
  year={2017}
}

@inproceedings{schlichtkrull2018modeling,
  title={Modeling relational data with graph convolutional networks},
  author={Schlichtkrull, Michael and Kipf, Thomas N and Bloem, Peter and Van Den Berg, Rianne and Titov, Ivan and Welling, Max},
  booktitle={European Semantic Web Conference},
  pages={593--607},
  year={2018},
  organization={Springer}
}

@inproceedings{ying2018graph,
  title={Graph convolutional neural networks for web-scale recommender systems},
  author={Ying, Rex and He, Ruining and Chen, Kaifeng and Eksombatchai, Pong and Hamilton, William L and Leskovec, Jure},
  booktitle={Proceedings of the 24th ACM SIGKDD International Conference on Knowledge Discovery \& Data Mining},
  pages={974--983},
  year={2018}
}

@inproceedings{perozzi2014deepwalk,
  title={Deepwalk: Online learning of social representations},
  author={Perozzi, Bryan and Al-Rfou, Rami and Skiena, Steven},
  booktitle={Proceedings of the 20th ACM SIGKDD international conference on Knowledge discovery and data mining},
  pages={701--710},
  year={2014}
}

@inproceedings{monti2017geometric,
  title={Geometric matrix completion with recurrent multi-graph neural networks},
  author={Monti, Federico and Bronstein, Michael and Bresson, Xavier},
  booktitle={Advances in Neural Information Processing Systems},
  pages={3697--3707},
  year={2017}
}

@article{griffa2017transient,
  title={Transient networks of spatio-temporal connectivity map communication pathways in brain functional systems},
  author={Griffa, Alessandra and Ricaud, Benjamin and Benzi, Kirell and Bresson, Xavier and Daducci, Alessandro and Vandergheynst, Pierre and Thiran, Jean-Philippe and Hagmann, Patric},
  journal={NeuroImage},
  volume={155},
  pages={490--502},
  year={2017},
  publisher={Elsevier}
}

@inproceedings{gilmer2017neural,
  title={Neural message passing for quantum chemistry},
  author={Gilmer, Justin and Schoenholz, Samuel S and Riley, Patrick F and Vinyals, Oriol and Dahl, George E},
  booktitle={Proceedings of the 34th International Conference on Machine Learning-Volume 70},
  pages={1263--1272},
  year={2017},
  organization={JMLR. org}
}

@article{sanchez2020learning,
  title={Learning to simulate complex physics with graph networks},
  author={Sanchez-Gonzalez, Alvaro and Godwin, Jonathan and Pfaff, Tobias and Ying, Rex and Leskovec, Jure and Battaglia, Peter W},
  journal={arXiv preprint arXiv:2002.09405},
  year={2020}
}

@article{chami2020low,
  title={Low-Dimensional Hyperbolic Knowledge Graph Embeddings},
  author={Chami, Ines and Wolf, Adva and Juan, Da-Cheng and Sala, Frederic and Ravi, Sujith and R{\'e}, Christopher},
  journal={arXiv preprint arXiv:2005.00545},
  year={2020}
}

@article{lecun1995convolutional,
  title={Convolutional networks for images, speech, and time series},
  author={LeCun, Yann and Bengio, Yoshua and others},
  year={1995}
}

@misc{KKMMN2016tudata,
  title  = {Benchmark Data Sets for Graph Kernels},
  author = {Kristian Kersting and Nils M. Kriege and Christopher Morris and Petra Mutzel and Marion Neumann},
  year   = {2020},
  url    = {http://www.graphlearning.io/}
}

@article{sen2008collective,
  title={Collective classification in network data},
  author={Sen, Prithviraj and Namata, Galileo and Bilgic, Mustafa and Getoor, Lise and Galligher, Brian and Eliassi-Rad, Tina},
  journal={AI magazine},
  volume={29},
  number={3},
  pages={93--93},
  year={2008}
}

@article{monti2019fake,
  title={Fake news detection on social media using geometric deep learning},
  author={Monti, Federico and Frasca, Fabrizio and Eynard, Davide and Mannion, Damon and Bronstein, Michael M},
  journal={arXiv preprint arXiv:1902.06673},
  year={2019}
}


@inproceedings{dean20201,
  title={The Deep Learning Revolution and Its Implications for Computer Architecture and Chip Design},
  author={Dean, Jeffrey},
  booktitle={2020 IEEE International Solid-State Circuits Conference-(ISSCC)},
  pages={8--14},
  year={2020},
  organization={IEEE}
}


@article{gainza2020deciphering,
  title={Deciphering interaction fingerprints from protein molecular surfaces using geometric deep learning},
  author={Gainza, Pablo and Sverrisson, Freyr and Monti, Frederico and Rodola, Emanuele and Boscaini, D and Bronstein, MM and Correia, BE},
  journal={Nature Methods},
  volume={17},
  number={2},
  pages={184--192},
  year={2020},
  publisher={Nature Publishing Group}
}

@article{raghu2020survey,
  title={A survey of deep learning for scientific discovery},
  author={Raghu, Maithra and Schmidt, Eric},
  journal={arXiv preprint arXiv:2003.11755},
  year={2020}
}

@inproceedings{wang2019superglue,
  title={Superglue: A stickier benchmark for general-purpose language understanding systems},
  author={Wang, Alex and Pruksachatkun, Yada and Nangia, Nikita and Singh, Amanpreet and Michael, Julian and Hill, Felix and Levy, Omer and Bowman, Samuel},
  booktitle={Advances in Neural Information Processing Systems},
  pages={3261--3275},
  year={2019}
}

@article{zhu2019aligraph,
  title={AliGraph: a comprehensive graph neural network platform},
  author={Zhu, Rong and Zhao, Kun and Yang, Hongxia and Lin, Wei and Zhou, Chang and Ai, Baole and Li, Yong and Zhou, Jingren},
  journal={Proceedings of the VLDB Endowment},
  volume={12},
  number={12},
  pages={2094--2105},
  year={2019},
  publisher={VLDB Endowment}
}

@inproceedings{barbu2019objectnet,
  title={ObjectNet: A large-scale bias-controlled dataset for pushing the limits of object recognition models},
  author={Barbu, Andrei and Mayo, David and Alverio, Julian and Luo, William and Wang, Christopher and Gutfreund, Dan and Tenenbaum, Josh and Katz, Boris},
  booktitle={Advances in Neural Information Processing Systems},
  pages={9448--9458},
  year={2019}
}

@article{mirhoseini2020chip,
  title={Chip Placement with Deep Reinforcement Learning},
  author={Mirhoseini, Azalia and Goldie, Anna and Yazgan, Mustafa and Jiang, Joe and Songhori, Ebrahim and Wang, Shen and Lee, Young-Joon and Johnson, Eric and Pathak, Omkar and Bae, Sungmin and others},
  journal={arXiv preprint arXiv:2004.10746},
  year={2020}
}


@incollection{mao2019learning,
  title={Learning scheduling algorithms for data processing clusters},
  author={Mao, Hongzi and Schwarzkopf, Malte and Venkatakrishnan, Shaileshh Bojja and Meng, Zili and Alizadeh, Mohammad},
  booktitle={Proceedings of the ACM Special Interest Group on Data Communication},
  pages={270--288},
  year={2019}
}

@incollection{getoor2005link,
  title={Link-based classification},
  author={Getoor, Lise},
  booktitle={Advanced methods for knowledge discovery from complex data},
  pages={189--207},
  year={2005},
  publisher={Springer}
}

@article{russakovsky2015imagenet,
  title={Imagenet large scale visual recognition challenge},
  author={Russakovsky, Olga and Deng, Jia and Su, Hao and Krause, Jonathan and Satheesh, Sanjeev and Ma, Sean and Huang, Zhiheng and Karpathy, Andrej and Khosla, Aditya and Bernstein, Michael and others},
  journal={International journal of computer vision},
  volume={115},
  number={3},
  pages={211--252},
  year={2015},
  publisher={Springer}
}

@article{chami2020machine,
  title={Machine Learning on Graphs: A Model and Comprehensive Taxonomy},
  author={Chami, Ines and Abu-El-Haija, Sami and Perozzi, Bryan and R{\'e}, Christopher and Murphy, Kevin},
  journal={arXiv preprint arXiv:2005.03675},
  year={2020}
}

@inproceedings{chiang2019cluster,
  title={Cluster-gcn: An efficient algorithm for training deep and large graph convolutional networks},
  author={Chiang, Wei-Lin and Liu, Xuanqing and Si, Si and Li, Yang and Bengio, Samy and Hsieh, Cho-Jui},
  booktitle={Proceedings of the 25th ACM SIGKDD International Conference on Knowledge Discovery \& Data Mining},
  pages={257--266},
  year={2019}
}

@article{mccallum2000automating,
  title={Automating the construction of internet portals with machine learning},
  author={McCallum, Andrew Kachites and Nigam, Kamal and Rennie, Jason and Seymore, Kristie},
  journal={Information Retrieval},
  volume={3},
  number={2},
  pages={127--163},
  year={2000},
  publisher={Springer}
}

@article{rossi2020sign,
  title={SIGN: Scalable Inception Graph Neural Networks},
  author={Rossi, Emanuele and Frasca, Fabrizio and Chamberlain, Ben and Eynard, Davide and Bronstein, Michael and Monti, Federico},
  journal={arXiv preprint arXiv:2004.11198},
  year={2020}
}

@article{perona1990scale,
  title={Scale-space and edge detection using anisotropic diffusion},
  author={Perona, Pietro and Malik, Jitendra},
  journal={IEEE Transactions on pattern analysis and machine intelligence},
  volume={12},
  number={7},
  pages={629--639},
  year={1990},
  publisher={IEEE}
}

@article{cranmer2019learning,
  title={Learning Symbolic Physics with Graph Networks},
  author={Cranmer, Miles D and Xu, Rui and Battaglia, Peter and Ho, Shirley},
  journal={arXiv preprint arXiv:1909.05862},
  year={2019}
}

@article{abbe2017community,
  title={Community detection and stochastic block models: recent developments},
  author={Abbe, Emmanuel},
  journal={The Journal of Machine Learning Research},
  volume={18},
  number={1},
  pages={6446--6531},
  year={2017},
  publisher={JMLR. org}
}

@article{irwin2012zinc,
  title={ZINC: a free tool to discover chemistry for biology},
  author={Irwin, John J and Sterling, Teague and Mysinger, Michael M and Bolstad, Erin S and Coleman, Ryan G},
  journal={Journal of chemical information and modeling},
  volume={52},
  number={7},
  pages={1757--1768},
  year={2012},
  publisher={ACS Publications}
}

@article{verma2019graphmix,
  title={GraphMix: Regularized Training of Graph Neural Networks for Semi-Supervised Learning},
  author={Verma, Vikas and Qu, Meng and Lamb, Alex and Bengio, Yoshua and Kannala, Juho and Tang, Jian},
  journal={arXiv preprint arXiv:1909.11715},
  year={2019}
}

@article{ba2016layer,
  title={Layer normalization},
  author={Ba, Jimmy Lei and Kiros, Jamie Ryan and Hinton, Geoffrey E},
  journal={NeurIPS workshop on Deep Learning},
  year={2016}
}

@article{li2019deepgcns,
  title={Deepgcns: Making gcns go as deep as cnns},
  author={Li, Guohao and M{\"u}ller, Matthias and Qian, Guocheng and Delgadillo, Itzel C and Abualshour, Abdulellah and Thabet, Ali and Ghanem, Bernard},
  journal={International Conference on Computer Vision},
  year={2019}
}


@article{jia2019redundancy,
  title={Redundancy-Free Computation Graphs for Graph Neural Networks},
  author={Jia, Zhihao and Lin, Sina and Ying, Rex and You, Jiaxuan and Leskovec, Jure and Aiken, Alex},
  journal={arXiv preprint arXiv:1906.03707},
  year={2019}
}


@article{you2019position,
  title={Position-aware graph neural networks},
  author={You, Jiaxuan and Ying, Rex and Leskovec, Jure},
  journal={International Conference on Machine Learning},
  year={2019}
}

@inproceedings{you2018graph,
  title={Graph convolutional policy network for goal-directed molecular graph generation},
  author={You, Jiaxuan and Liu, Bowen and Ying, Zhitao and Pande, Vijay and Leskovec, Jure},
  booktitle={Advances in neural information processing systems},
  pages={6410--6421},
  year={2018}
}

@article{achanta2012slic,
  title={SLIC superpixels compared to state-of-the-art superpixel methods},
  author={Achanta, Radhakrishna and Shaji, Appu and Smith, Kevin and Lucchi, Aurelien and Fua, Pascal and S{\"u}sstrunk, Sabine},
  journal={IEEE transactions on pattern analysis and machine intelligence},
  volume={34},
  number={11},
  pages={2274--2282},
  year={2012},
  publisher={IEEE}
}

@article{hu2020ogb,
  title={Open Graph Benchmark: Datasets for Machine Learning on Graphs},
  author={Weihua Hu, Matthias Fey, Marinka Zitnik, Yuxiao Dong, Hongyu Ren, Bowen Liu, Michele Catasta, Jure Leskovec},
  journal={arXiv preprint arXiv:2005.00687},
  year={2020}
}

@inproceedings{murphy2019relational,
  title={Relational Pooling for Graph Representations},
  author={Murphy, Ryan and Srinivasan, Balasubramaniam and Rao, Vinayak and Ribeiro, Bruno},
  booktitle={International Conference on Machine Learning},
  pages={4663--4673},
  year={2019}
}

@article{srinivasan2019equivalence,
  title={On the Equivalence between Node Embeddings and Structural Graph Representations},
  author={Srinivasan, Balasubramaniam and Ribeiro, Bruno},
  journal={International Conference on Learning Representations},
  year={2020}
}

@article{xu2018representation,
  title={Representation learning on graphs with jumping knowledge networks},
  author={Xu, Keyulu and Li, Chengtao and Tian, Yonglong and Sonobe, Tomohiro and Kawarabayashi, Ken-ichi and Jegelka, Stefanie},
  journal={arXiv preprint arXiv:1806.03536},
  year={2018}
}

@inproceedings{chen2019equivalence,
  title={On the equivalence between graph isomorphism testing and function approximation with gnns},
  author={Chen, Zhengdao and Villar, Soledad and Chen, Lei and Bruna, Joan},
  booktitle={Advances in Neural Information Processing Systems},
  pages={15868--15876},
  year={2019}
}

@article{maron2018invariant,
  title={Invariant and equivariant graph networks},
  author={Maron, Haggai and Ben-Hamu, Heli and Shamir, Nadav and Lipman, Yaron},
  journal={International Conference on Learning Representations},
  year={2019}
}

@article{maron2019universality,
  title={On the universality of invariant networks},
  author={Maron, Haggai and Fetaya, Ethan and Segol, Nimrod and Lipman, Yaron},
  journal={International Conference on Machine Learning},
  year={2019}
}


@article{luzhnica2019graph,
  title={On graph classification networks, datasets and baselines},
  author={Luzhnica, Enxhell and Day, Ben and Li{\`o}, Pietro},
  journal={arXiv preprint arXiv:1905.04682},
  year={2019}
}

@article{bacciu2019gentle,
  title={A Gentle Introduction to Deep Learning for Graphs},
  author={Bacciu, Davide and Errica, Federico and Micheli, Alessio and Podda, Marco},
  journal={arXiv preprint arXiv:1912.12693},
  year={2019}
}

@article{brockschmidt2019gnn,
  title={Gnn-film: Graph neural networks with feature-wise linear modulation},
  author={Brockschmidt, Marc},
  journal={arXiv preprint arXiv:1906.12192},
  year={2019}
}

@inproceedings{battaglia2016interaction,
  title={Interaction networks for learning about objects, relations and physics},
  author={Battaglia, Peter and Pascanu, Razvan and Lai, Matthew and Rezende, Danilo Jimenez and others},
  booktitle={Advances in neural information processing systems},
  pages={4502--4510},
  year={2016}
}

@inproceedings{sanchez2018graph,
  title={Graph Networks as Learnable Physics Engines for Inference and Control},
  author={Sanchez-Gonzalez, Alvaro and Heess, Nicolas and Springenberg, Jost Tobias and Merel, Josh and Riedmiller, Martin and Hadsell, Raia and Battaglia, Peter},
  booktitle={International Conference on Machine Learning},
  pages={4470--4479},
  year={2018}
}

@article{dempster1977maximum,
  title={Maximum likelihood from incomplete data via the EM algorithm},
  author={Dempster, Arthur P and Laird, Nan M and Rubin, Donald B},
  journal={Journal of the Royal Statistical Society: Series B (Methodological)},
  volume={39},
  number={1},
  pages={1--22},
  year={1977},
  publisher={Wiley Online Library}
}

@article{bahdanau2014neural,
  title={Neural machine translation by jointly learning to align and translate},
  author={Bahdanau, Dzmitry and Cho, Kyunghyun and Bengio, Yoshua},
  journal={arXiv preprint arXiv:1409.0473},
  year={2014}
}

@inproceedings{vaswani2017attention,
  title={Attention is all you need},
  author={Vaswani, Ashish and Shazeer, Noam and Parmar, Niki and Uszkoreit, Jakob and Jones, Llion and Gomez, Aidan N and Kaiser, {\L}ukasz and Polosukhin, Illia},
  booktitle={Advances in neural information processing systems},
  pages={5998--6008},
  year={2017}
}


@Article{art:Abbe17SBM,
  author =   {E. Abbe},
  title =    {{Community Detection and Stochastic Block Models: Recent Developments}},
  journal =      {arXiv preprint arXiv:1703.10146},
  year =     {2017},
  volume =   {},
  pages =    {},
}


@article{lecun1998gradient,
  title={Gradient-based learning applied to document recognition},
  author={LeCun, Yann and Bottou, L{\'e}on and Bengio, Yoshua and Haffner, Patrick},
  journal={Proceedings of the IEEE},
  volume={86},
  number={11},
  pages={2278--2324},
  year={1998},
  publisher={Ieee}
}

@article{krizhevsky2009learning,
  title={Learning multiple layers of features from tiny images},
  author={Krizhevsky, Alex and others},
  year={2009},
  publisher={Citeseer}
}


@book{lohr2009sampling,
  title={Sampling: design and analysis},
  author={Lohr, Sharon L},
  year={2009},
  publisher={Nelson Education}
}


@Article{art:ScarselliGoriTsoiHagenbuchnerMonfardini09,
  author =   {F. Scarselli and M. Gori and A. Tsoi and M. Hagenbuchner and G. Monfardini},
  title =    {{The Graph Neural Network Model}},
  journal =      {IEEE Transactions on Neural Networks},
  year =     {2009},
  volume =   {20(1)},
  pages =    {61--80},
}


@article{jin2018junction,
  title={Junction tree variational autoencoder for molecular graph generation},
  author={Jin, Wengong and Barzilay, Regina and Jaakkola, Tommi},
  journal={arXiv preprint arXiv:1802.04364},
  year={2018}
}


@article{ioffe2015batch,
  title={Batch normalization: Accelerating deep network training by reducing internal covariate shift},
  author={Ioffe, Sergey and Szegedy, Christian},
  journal={arXiv preprint arXiv:1502.03167},
  year={2015}
}


@article{bruna2013spectral,
  title={Spectral networks and locally connected networks on graphs},
  author={Bruna, Joan and Zaremba, Wojciech and Szlam, Arthur and LeCun, Yann},
  journal={arXiv preprint arXiv:1312.6203},
  year={2013}
}

@article{henaff2015deep,
  title={Deep convolutional networks on graph-structured data},
  author={Henaff, Mikael and Bruna, Joan and LeCun, Yann},
  journal={arXiv preprint arXiv:1506.05163},
  year={2015}
}


@article{li2015gated,
  title={Gated graph sequence neural networks},
  author={Li, Yujia and Tarlow, Daniel and Brockschmidt, Marc and Zemel, Richard},
  journal={arXiv preprint arXiv:1511.05493},
  year={2015}
}

@article{marcheggiani2017encoding,
  title={Encoding sentences with graph convolutional networks for semantic role labeling},
  author={Marcheggiani, Diego and Titov, Ivan},
  journal={arXiv preprint arXiv:1703.04826},
  year={2017}
}

@inproceedings{hamilton2017inductive,
  title={Inductive representation learning on large graphs},
  author={Hamilton, Will and Ying, Zhitao and Leskovec, Jure},
  booktitle={Advances in Neural Information Processing Systems},
  pages={1024--1034},
  year={2017}
}

@inproceedings{duvenaud2015convolutional,
  title={Convolutional networks on graphs for learning molecular fingerprints},
  author={Duvenaud, David K and Maclaurin, Dougal and Iparraguirre, Jorge and Bombarell, Rafael and Hirzel, Timothy and Aspuru-Guzik, Al{\'a}n and Adams, Ryan P},
  booktitle={Advances in neural information processing systems},
  pages={2224--2232},
  year={2015}
}

@inproceedings{grover2016node2vec,
  title={node2vec: Scalable feature learning for networks},
  author={Grover, Aditya and Leskovec, Jure},
  booktitle={Proceedings of the 22nd ACM SIGKDD international conference on Knowledge discovery and data mining},
  pages={855--864},
  year={2016},
  organization={ACM}
}

@inproceedings{boscaini2016learning,
  title={Learning shape correspondence with anisotropic convolutional neural networks},
  author={Boscaini, Davide and Masci, Jonathan and Rodol{\`a}, Emanuele and Bronstein, Michael},
  booktitle={Advances in Neural Information Processing Systems},
  pages={3189--3197},
  year={2016}
}

@article{weber2019essential,
  title={Essential guidelines for computational method benchmarking},
  author={Weber, Lukas M and Saelens, Wouter and Cannoodt, Robrecht and Soneson, Charlotte and Hapfelmeier, Alexander and Gardner, Paul P and Boulesteix, Anne-Laure and Saeys, Yvan and Robinson, Mark D},
  journal={Genome biology},
  volume={20},
  number={1},
  pages={125},
  year={2019},
  publisher={Springer}
}

@InProceedings{He_2016_CVPR,
author = {He, Kaiming and Zhang, Xiangyu and Ren, Shaoqing and Sun, Jian},
title = {Deep Residual Learning for Image Recognition},
booktitle = {The IEEE Conference on Computer Vision and Pattern Recognition (CVPR)},
month = {June},
year = {2016}
}

@InProceedings{Girshick_2014_CVPR,
author = {Girshick, Ross and Donahue, Jeff and Darrell, Trevor and Malik, Jitendra},
title = {Rich Feature Hierarchies for Accurate Object Detection and Semantic Segmentation},
booktitle = {The IEEE Conference on Computer Vision and Pattern Recognition (CVPR)},
month = {June},
year = {2014}
}

@inproceedings{zeiler2014visualizing,
  title={Visualizing and understanding convolutional networks},
  author={Zeiler, Matthew D and Fergus, Rob},
  booktitle={European conference on computer vision},
  pages={818--833},
  year={2014},
  organization={Springer}
}

@InProceedings{Long_2015_CVPR,
author = {Long, Jonathan and Shelhamer, Evan and Darrell, Trevor},
title = {Fully Convolutional Networks for Semantic Segmentation},
booktitle = {The IEEE Conference on Computer Vision and Pattern Recognition (CVPR)},
month = {June},
year = {2015}
}

@article{battaglia2018relational,
  title={Relational inductive biases, deep learning, and graph networks},
  author={Battaglia, Peter W and Hamrick, Jessica B and Bapst, Victor and Sanchez-Gonzalez, Alvaro and Zambaldi, Vinicius and Malinowski, Mateusz and Tacchetti, Andrea and Raposo, David and Santoro, Adam and Faulkner, Ryan and others},
  journal={arXiv preprint arXiv:1806.01261},
  year={2018}
}

@article{10.1145/3065384,
author = {Malik, Jitendra},
title = {Technical Perspective: What Led Computer Vision to Deep Learning?},
year = {2017},
issue_date = {May 2017},
publisher = {Association for Computing Machinery},
address = {New York, NY, USA},
volume = {60},
number = {6},
issn = {0001-0782},
journal = {Commun. ACM},
month = may,
pages = {82–83},
numpages = {2}
}


@article{fey2019fast,
  title={Fast graph representation learning with PyTorch Geometric},
  author={Fey, Matthias and Lenssen, Jan Eric},
  journal={ICLR Workshop on Representation Learning on Graphs and Manifolds},
  year={2019}
}


@inproceedings{morris2019weisfeiler,
  title={Weisfeiler and leman go neural: Higher-order graph neural networks},
  author={Morris, Christopher and Ritzert, Martin and Fey, Matthias and Hamilton, William L and Lenssen, Jan Eric and Rattan, Gaurav and Grohe, Martin},
  booktitle={Proceedings of the AAAI Conference on Artificial Intelligence},
  volume={33},
  pages={4602--4609},
  year={2019}
}

@inproceedings{maron2019provably,
  title={Provably powerful graph networks},
  author={Maron, Haggai and Ben-Hamu, Heli and Serviansky, Hadar and Lipman, Yaron},
  booktitle={Advances in Neural Information Processing Systems},
  pages={2153--2164},
  year={2019}
}

@inproceedings{vinyals2015pointer,
  title={Pointer networks},
  author={Vinyals, Oriol and Fortunato, Meire and Jaitly, Navdeep},
  booktitle={Advances in Neural Information Processing Systems},
  pages={2692--2700},
  year={2015}
}

@article{bengio2018machine,
  title={Machine Learning for Combinatorial Optimization: a Methodological Tour d'Horizon},
  author={Bengio, Yoshua and Lodi, Andrea and Prouvost, Antoine},
  journal={arXiv preprint arXiv:1811.06128},
  year={2018}
}

@misc{applegate2006concorde,
  title={Concorde TSP solver},
  author={Applegate, David and Bixby, Ribert and Chvatal, Vasek and Cook, William},
  year={2006}
}


@inproceedings{khalil2017learning,
  title={Learning combinatorial optimization algorithms over graphs},
  author={Khalil, Elias and Dai, Hanjun and Zhang, Yuyu and Dilkina, Bistra and Song, Le},
  booktitle={Advances in Neural Information Processing Systems},
  pages={6348--6358},
  year={2017}
}

@inproceedings{li2018combinatorial,
  title={Combinatorial optimization with graph convolutional networks and guided tree search},
  author={Li, Zhuwen and Chen, Qifeng and Koltun, Vladlen},
  booktitle={Advances in Neural Information Processing Systems},
  pages={539--548},
  year={2018}
}

@article{joshi2019efficient,
  title={An Efficient Graph Convolutional Network Technique for the Travelling Salesman Problem},
  author={Joshi, Chaitanya K and Laurent, Thomas and Bresson, Xavier},
  journal={arXiv preprint arXiv:1906.01227},
  year={2019}
}

@inproceedings{
    kool2018attention,
    title={Attention, Learn to Solve Routing Problems!},
    author={Wouter Kool and Herke van Hoof and Max Welling},
    booktitle={International Conference on Learning Representations},
    year={2019}
}

@inproceedings{ae482107de73461787258f805cf8f4ed,
title = "Spectral networks and locally connected networks on graphs",
author = "Joan Bruna and Wojciech Zaremba and Arthur Szlam and Yann Lecun",
year = "2014",
booktitle = "International Conference on Learning Representations (ICLR)",
}

@incollection{NIPS2016_6081,
title = {Convolutional Neural Networks on Graphs with Fast Localized Spectral Filtering},
author = {Defferrard, Micha\"{e}l and Bresson, Xavier and Vandergheynst, Pierre},
booktitle = {Advances in Neural Information Processing Systems 29},
pages = {3844--3852},
year = {2016},
}

@inproceedings{kipf2017semi,
  title={Semi-Supervised Classification with Graph Convolutional Networks},
  author={Kipf, Thomas N. and Welling, Max},
  booktitle={International Conference on Learning Representations (ICLR)},
  year={2017}
}

@incollection{NIPS2017_6703,
title = {Inductive Representation Learning on Large Graphs},
author = {Hamilton, Will and Ying, Zhitao and Leskovec, Jure},
booktitle = {Advances in Neural Information Processing Systems 30},
pages = {1024--1034},
year = {2017}
}

@article{
  velickovic2018graph,
  title="{Graph Attention Networks}",
  author={Veli{\v{c}}kovi{\'{c}}, Petar and Cucurull, Guillem and Casanova, Arantxa and Romero, Adriana and Li{\`{o}}, Pietro and Bengio, Yoshua},
  journal={International Conference on Learning Representations},
  year={2018}
}


@article{bresson2017residual,
  title={Residual gated graph convnets},
  author={Bresson, Xavier and Laurent, Thomas},
  journal={arXiv preprint arXiv:1711.07553},
  year={2017}
}

@incollection{NIPS2018_7729,
title = {Hierarchical Graph Representation Learning with Differentiable Pooling},
author = {Ying, Zhitao and You, Jiaxuan and Morris, Christopher and Ren, Xiang and Hamilton, Will and Leskovec, Jure},
booktitle = {Advances in Neural Information Processing Systems 31},
pages = {4800--4810},
year = {2018},
}

@inproceedings{
xinyi2018capsule,
title={Capsule Graph Neural Network},
author={Zhang Xinyi and Lihui Chen},
booktitle={International Conference on Learning Representations},
year={2019}
}

@inproceedings{
xu2018how,
title={How Powerful are Graph Neural Networks?},
author={Keyulu Xu and Weihua Hu and Jure Leskovec and Stefanie Jegelka},
booktitle={International Conference on Learning Representations},
year={2019}
}

@article{Hoang2019RevisitingGN,
  title={Revisiting Graph Neural Networks: All We Have is Low-Pass Filters},
  author={NT Hoang and Takanori Maehara},
  journal={ArXiv},
  year={2019},
  volume={abs/1905.09550}
}

@InProceedings{pmlr-v97-lee19c,
  title = 	 {Self-Attention Graph Pooling},
  author = 	 {Lee, Junhyun and Lee, Inyeop and Kang, Jaewoo},
  booktitle = 	 {Proceedings of the 36th International Conference on Machine Learning},
  year = 	 {2019},
  month = 	 {09--15 Jun}
}

@article{kingma2014adam,
  title={Adam: A method for stochastic optimization},
  author={Kingma, Diederik P and Ba, Jimmy},
  journal={arXiv preprint arXiv:1412.6980},
  year={2014}
}

@inproceedings{smith2017cyclical,
  title={Cyclical learning rates for training neural networks},
  author={Smith, Leslie N},
  booktitle={2017 IEEE Winter Conference on Applications of Computer Vision (WACV)},
  pages={464--472},
  year={2017},
  organization={IEEE}
}

@article{knyazev2019understanding,
  title = {Understanding Attention and Generalization in Graph Neural Networks},
  author = {Knyazev, Boris and Taylor, Graham W and Amer, Mohamed R},
  journal = {arXiv preprint arXiv:1905.02850},
  year = {2019}
}

@article{Bronstein_2017,
   title={Geometric Deep Learning: Going beyond Euclidean data},
   volume={34},
   ISSN={1053-5888},
   number={4},
   journal={IEEE Signal Processing Magazine},
   publisher={Institute of Electrical and Electronics Engineers (IEEE)},
   author={Bronstein, Michael M. and Bruna, Joan and LeCun, Yann and Szlam, Arthur and Vandergheynst, Pierre},
   year={2017},
   month={Jul},
   pages={18–42}
}

@misc{wu2019comprehensive,
    title={A Comprehensive Survey on Graph Neural Networks},
    author={Zonghan Wu and Shirui Pan and Fengwen Chen and Guodong Long and Chengqi Zhang and Philip S. Yu},
    year={2019},
    eprint={1901.00596},
    archivePrefix={arXiv},
    primaryClass={cs.LG}
}

@misc{zhou2018graph,
    title={Graph Neural Networks: A Review of Methods and Applications},
    author={Jie Zhou and Ganqu Cui and Zhengyan Zhang and Cheng Yang and Zhiyuan Liu and Lifeng Wang and Changcheng Li and Maosong Sun},
    year={2018},
    eprint={1812.08434},
    archivePrefix={arXiv},
    primaryClass={cs.LG}
}

@misc{errica2019fair,
    title={A Fair Comparison of Graph Neural Networks for Graph Classification},
    author={Federico Errica and Marco Podda and Davide Bacciu and Alessio Micheli},
    year={2019},
    eprint={1912.09893},
    archivePrefix={arXiv},
    primaryClass={cs.LG}
}

@misc{chen2019powerful,
    title={Are Powerful Graph Neural Nets Necessary? A Dissection on Graph Classification},
    author={Ting Chen and Song Bian and Yizhou Sun},
    year={2019},
    eprint={1905.04579},
    archivePrefix={arXiv},
    primaryClass={cs.LG}
}

@InProceedings{BharathICCV2011,
author = "Bharath Hariharan and Pablo Arbelaez and Lubomir Bourdev and Subhransu Maji and Jitendra Malik",
title = "Semantic Contours from Inverse Detectors",
booktitle = "International Conference on Computer Vision (ICCV)",
year = "2011",
}

@article{10.1109/TPAMI.2012.120,
author = {Achanta, Radhakrishna and Shaji, Appu and Smith, Kevin and Lucchi, Aurelien and Fua, Pascal and Susstrunk, Sabine},
title = {SLIC Superpixels Compared to State-of-the-Art Superpixel Methods},
year = {2012},
issue_date = {November 2012},
publisher = {IEEE Computer Society},
address = {USA},
volume = {34},
number = {11},
issn = {0162-8828},
journal = {IEEE Trans. Pattern Anal. Mach. Intell.},
month = nov,
pages = {2274–2282},
numpages = {9},
keywords = {k-means, clustering, Superpixels, segmentation}
}

@inproceedings{imagenet_cvpr09,
        AUTHOR = {Deng, J. and Dong, W. and Socher, R. and Li, L.-J. and Li, K. and Fei-Fei, L.},
        TITLE = {{ImageNet: A Large-Scale Hierarchical Image Database}},
        BOOKTITLE = {CVPR09},
        YEAR = {2009}}
        
@inproceedings{DBLP:conf/nips/KrizhevskySH12,
  author    = {Alex Krizhevsky and
               Ilya Sutskever and
               Geoffrey E. Hinton},
  title     = {ImageNet Classification with Deep Convolutional Neural Networks},
  booktitle = {Advances in Neural Information Processing Systems 25: 26th Annual
               Conference on Neural Information Processing Systems 2012. },
  pages     = {1106--1114},
  year      = {2012},
  timestamp = {Thu, 11 Dec 2014 17:34:07 +0100},
  biburl    = {https://dblp.org/rec/bib/conf/nips/KrizhevskySH12},
  bibsource = {dblp computer science bibliography, https://dblp.org}
}

@misc{oleks2018pitfalls,
    title={Pitfalls of Graph Neural Network Evaluation},
    author={Oleksandr Shchur and Maximilian Mumme and Aleksandar Bojchevski and Stephan Günnemann},
    year={2018},
    eprint={1811.05868},
    archivePrefix={arXiv},
    primaryClass={cs.LG}
}

@article{wang2019deep,
  title={Deep graph library: Towards efficient and scalable deep learning on graphs},
  author={Wang, Minjie and Yu, Lingfan and Zheng, Da and Gan, Quan and Gai, Yu and Ye, Zihao and Li, Mufei and Zhou, Jinjing and Huang, Qi and Ma, Chao and others},
  journal={NeurIPS workshop on Graph Representation Learning},
  year={2019}
}


@misc{paszke2019pytorch,
    title={PyTorch: An Imperative Style, High-Performance Deep Learning Library},
    author={Adam Paszke and Sam Gross and Francisco Massa and Adam Lerer and James Bradbury and Gregory Chanan and Trevor Killeen and Zeming Lin and Natalia Gimelshein and Luca Antiga and Alban Desmaison and Andreas Köpf and Edward Yang and Zach DeVito and Martin Raison and Alykhan Tejani and Sasank Chilamkurthy and Benoit Steiner and Lu Fang and Junjie Bai and Soumith Chintala},
    year={2019},
    eprint={1912.01703},
    archivePrefix={arXiv},
    primaryClass={cs.LG}
}

@article{wang2019dgl,
    title={Deep Graph Library: Towards Efficient and Scalable Deep Learning on Graphs},
    author={Wang, Minjie and Yu, Lingfan and Zheng, Da and Gan, Quan and Gai, Yu and Ye, Zihao and Li, Mufei and Zhou, Jinjing and Huang, Qi and Ma, Chao and Huang, Ziyue and Guo, Qipeng and Zhang, Hao and Lin, Haibin and Zhao, Junbo and Li, Jinyang and Smola, Alexander J and Zhang, Zheng},
    journal={ICLR Workshop on Representation Learning on Graphs and Manifolds},
    year={2019}
}

@incollection{NIPS2016_6398,
title = {Learning Multiagent Communication with Backpropagation},
author = {Sukhbaatar, Sainbayar and szlam, arthur and Fergus, Rob},
booktitle = {Advances in Neural Information Processing Systems 29},
editor = {D. D. Lee and M. Sugiyama and U. V. Luxburg and I. Guyon and R. Garnett},
pages = {2244--2252},
year = {2016}
}

@article{levie2019cayleynets,
	title="CayleyNets: Graph Convolutional Neural Networks With Complex Rational Spectral Filters",
	author="Ron {Levie} and Federico {Monti} and Xavier {Bresson} and Michael M. {Bronstein}",
	journal="IEEE Transactions on Signal Processing",
	volume="67",
	number="1",
	pages="97--109",
	year="2019"
}

@article{Monti_2017,
   title={Geometric Deep Learning on Graphs and Manifolds Using Mixture Model CNNs},
   ISBN={9781538604571},
   DOI={10.1109/cvpr.2017.576},
   journal={2017 IEEE Conference on Computer Vision and Pattern Recognition (CVPR)},
   publisher={IEEE},
   author={Monti, Federico and Boscaini, Davide and Masci, Jonathan and Rodola, Emanuele and Svoboda, Jan and Bronstein, Michael M.},
   year={2017},
   month={Jul}
}

@article{weisfeiler1968reduction,
  title={A reduction of a graph to a canonical form and an algebra arising during this reduction},
  author={Weisfeiler, Boris and Lehman, Andrei A},
  journal={Nauchno-Technicheskaya Informatsia},
  volume={2},
  number={9},
  pages={12--16},
  year={1968}
}

@inproceedings{bresson2019two,
 author = {Bresson, Xavier and Laurent, Thomas},
 booktitle = {NeurIPS Workshop on Machine Learning and the Physical Sciences},
 title = {A Two-Step Graph Convolutional Decoder for Molecule Generation},
 year = {2019}
}

@article{xu2019multi,
  title={Multi-graph transformer for free-hand sketch recognition},
  author={Xu, Peng and Joshi, Chaitanya K and Bresson, Xavier},
  journal={arXiv preprint arXiv:1912.11258},
  year={2019}
}