@book{Iber2007TheAA,
	title={The American Academy of Sleep Medicine (AASM) Manual for the Scoring of Sleep and Associated Events: Rules, Terminology and Technical Specifications},
	volume={1},
	publisher={American academy of sleep medicine Westchester, IL},
	author={Conrad Iber and Sonia Ancoli-Israel and Andrew L. Chesson and Stuart F. Quan},
	year={2007}
}

@article{tzeng2014deep,
	title={Deep domain confusion: Maximizing for domain invariance},
	author={Tzeng, Eric and Hoffman, Judy and Zhang, Ning and Saenko, Kate and Darrell, Trevor},
	journal={arXiv preprint arXiv:1412.3474},
	year={2014}
}

@article{pan2010domain,
	title={Domain adaptation via transfer component analysis},
	author={Pan, Sinno Jialin and Tsang, Ivor W and Kwok, James T and Yang, Qiang},
	journal={IEEE transactions on neural networks},
	volume={22},
	number={2},
	pages={199--210},
	year={2010},
	publisher={IEEE}
}


@inproceedings{wang2018visual,
	title={Visual domain adaptation with manifold embedded distribution alignment},
	author={Wang, Jindong and Feng, Wenjie and Chen, Yiqiang and Yu, Han and Huang, Meiyu and Yu, Philip S},
	booktitle={Proceedings of the 26th ACM international conference on Multimedia},
	pages={402--410},
	year={2018}
}

@article{wang2020transfer,
	title={Transfer learning with dynamic distribution adaptation},
	author={Wang, Jindong and Chen, Yiqiang and Feng, Wenjie and Yu, Han and Huang, Meiyu and Yang, Qiang},
	journal={ACM Transactions on Intelligent Systems and Technology (TIST)},
	volume={11},
	number={1},
	pages={1--25},
	year={2020},
	publisher={ACM New York, NY, USA}
}

@inproceedings{sun2016return,
	title={Return of frustratingly easy domain adaptation},
	author={Sun, Baochen and Feng, Jiashi and Saenko, Kate},
	booktitle={Proceedings of the AAAI Conference on Artificial Intelligence},
	volume={30},
	number={1},
	year={2016}
}

@inproceedings{sun2016deep,
	title={Deep coral: Correlation alignment for deep domain adaptation},
	author={Sun, Baochen and Saenko, Kate},
	booktitle={European conference on computer vision},
	pages={443--450},
	year={2016},
	organization={Springer}
}

@inproceedings{peng2018synthetic,
	title={Synthetic to Real Adaptation with Generative Correlation Alignment Networks},
	author={Peng, Xingchao and Saenko, Kate},
	booktitle={2018 IEEE Winter Conference on Applications of Computer Vision (WACV)},
	pages={1982--1991},
	year={2018},
	organization={IEEE Computer Society}
}

@article{zhou2020domain,
	title={Domain generalization with optimal transport and metric learning},
	author={Zhou, Fan and Jiang, Zhuqing and Shui, Changjian and Wang, Boyu and Chaib-draa, Brahim},
	journal={arXiv preprint arXiv:2007.10573},
	year={2020}
}

@article{Tsinalis2015AutomaticSS,
	title={Automatic Sleep Stage Scoring Using Time-Frequency Analysis and Stacked Sparse Autoencoders},
	author={Orestis Tsinalis and Paul M. Matthews and Yike Guo},
	journal={Annals of Biomedical Engineering},
	year={2015},
	volume={44},
	pages={1587 - 1597}
}


@article{Alickovic2018EnsembleSM,
	title={Ensemble SVM Method for Automatic Sleep Stage Classification},
	author={Emina Alickovic and Abdulhamit Subasi},
	journal={IEEE Transactions on Instrumentation and Measurement},
	year={2018},
	volume={67},
	pages={1258-1265}
}

@article{Li2018HyCLASSSAH,
	title={HyCLASSS: A Hybrid Classifier for Automatic Sleep Stage Scoring},
	author={Xiaojin Li and Licong Cui and Shiqiang Tao and Jing Chen and Xiang Zhang and Guoqiang Zhang},
	journal={IEEE Journal of Biomedical and Health Informatics},
	year={2018},
	volume={22},
	pages={375-385}
}

@article{Ghimatgar2019AnAS,
	title={An automatic single-channel EEG-based sleep stage scoring method based on hidden Markov Model},
	author={Ghimatgar, Hojat and Kazemi, Kamran and Helfroush, Mohammad Sadegh and Aarabi, Ardalan},
	journal={Journal of neuroscience methods},
	volume={324},
	pages={108320},
	year={2019},
	publisher={Elsevier}
}

@article{LeCun1998GradientbasedLA,
	title={Gradient-based learning applied to document recognition},
	author={Yann LeCun and L{\'e}on Bottou and Yoshua Bengio and Patrick Haffner},
	journal={Proc. IEEE},
	year={1998},
	volume={86},
	pages={2278-2324}
}

@article{Schuster1997BidirectionalRN,
	title={Bidirectional recurrent neural networks},
	author={Mike Schuster and Kuldip K. Paliwal},
	journal={IEEE Trans. Signal Process.},
	year={1997},
	volume={45},
	pages={2673-2681}
}

@article{LeCun2015DeepL,
	title={Deep Learning},
	author={Yann LeCun and Yoshua Bengio and Geoffrey Hinton},
	journal={Nature},
	year={2015},
	volume={521},
	pages={436-444}
}

@inproceedings{Vaswani2017AttentionIA,
	author = {Vaswani, Ashish and Shazeer, Noam and Parmar, Niki and Uszkoreit, Jakob and Jones, Llion and Gomez, Aidan N and Kaiser, \L ukasz and Polosukhin, Illia},
	booktitle = {Advances in Neural Information Processing Systems},
	pages = {5998-6008},
	title = {Attention is All you Need},
	volume = {30},
	year = {2017}
}

@article{Supratak2017DeepSleepNetAM,
	title={DeepSleepNet: A Model for Automatic Sleep Stage Scoring Based on Raw Single-Channel EEG},
	author={Akara Supratak and Hao Dong and Chao Wu and Yike Guo},
	journal={IEEE Transactions on Neural Systems and Rehabilitation Engineering},
	year={2017},
	volume={25},
	pages={1998-2008}
}

@article{Seo2020IntraAI,
	title={Intra- and inter-epoch temporal context network (IITNet) using sub-epoch features for automatic sleep scoring on raw single-channel EEG},
	author={Hogeon Seo and S. Back and Seongju Lee and Deokhwan Park and Tae Kim and Kyoobin Lee},
	journal={Biomed. Signal Process. Control.},
	year={2020},
	volume={61},
	pages={102037}
}

@article{Supratak2020TinySleepNetAE,
	title={TinySleepNet: An Efficient Deep Learning Model for Sleep Stage Scoring based on Raw Single-Channel EEG},
	author={Akara Supratak and Yike Guo},
	journal={2020 42nd Annual International Conference of the IEEE Engineering in Medicine \& Biology Society (EMBC)},
	year={2020},
	pages={641-644}
}

@inproceedings{Perslev2019UTimeAF,
	title={U-Time: a fully convolutional network for time series segmentation applied to sleep staging},
	author={Perslev, Mathias and Jensen, Michael Hejselbak and Darkner, Sune and Jennum, Poul J{\o}rgen and Igel, Christian},
	booktitle={Proceedings of the 33rd International Conference on Neural Information Processing Systems},
	pages={4415--4426},
	year={2019}
}

@article{Qu2020ARB,
	title={A Residual Based Attention Model for EEG Based Sleep Staging},
	author={Wei Qu and Zhiyong Wang and Hong Hong and Zheru Chi and David Dagan Feng and Ronald R. Grunstein and Christopher Gordon},
	journal={IEEE Journal of Biomedical and Health Informatics},
	year={2020},
	volume={24},
	pages={2833-2843}
}



@article{Eldele2021AnAD,
	title={An Attention-Based Deep Learning Approach for Sleep Stage Classification With Single-Channel EEG},
	author={Emadeldeen Eldele and Zhenghua Chen and Chengyu Liu and Min Wu and C. Kwoh and Xiaoli Li and Cuntai Guan},
	journal={IEEE Transactions on Neural Systems and Rehabilitation Engineering},
	year={2021},
	volume={29},
	pages={809-818}
}

@inproceedings{Phyo2022EnhancingCE,
	title={Enhancing Contextual Encoding With Stage-Confusion and Stage-Transition Estimation for EEG-Based Sleep Staging},
	author={Phyo, Jaeun and Ko, Wonjun and Jeon, Eunjin and Suk, Heung-II},
	booktitle={IEEE International Conference on Acoustics, Speech and Signal Processing (ICASSP)},
	pages={1301--1305},
	year={2022},
	organization={IEEE}
}

@inproceedings{wang2022scaled,
	title={Scaled relu matters for training vision transformers},
	author={Wang, Pichao and Wang, Xue and Luo, Hao and Zhou, Jingkai and Zhou, Zhipeng and Wang, Fan and Li, Hao and Jin, Rong},
	booktitle={Proceedings of the AAAI Conference on Artificial Intelligence},
	volume={36},
	pages={2495--2503},
	year={2022}
}

@inproceedings{somasundaran2020two,
	title={Two-level transformer and auxiliary coherence modeling for improved text segmentation},
	author={Somasundaran, Swapna and others},
	booktitle={Proceedings of the AAAI Conference on Artificial Intelligence},
	volume={34},
	pages={7797--7804},
	year={2020}
}

@inproceedings{salin2022vision,
	title={Are vision-language transformers learning multimodal representations? A probing perspective},
	author={Salin, Emmanuelle and Farah, Badreddine and Ayache, St{\'e}phane and Favre, Benoit},
	booktitle={Proceedings of the AAAI Conference on Artificial Intelligence},
	volume={36},
	pages={11248--11257},
	year={2022}
}

@article{Phan2022SleepTransformerAS,
	title={Sleeptransformer: Automatic sleep staging with interpretability and uncertainty quantification},
	author={Phan, Huy and Mikkelsen, Kaare and Ch{\'e}n, Oliver Y and Koch, Philipp and Mertins, Alfred and De Vos, Maarten},
	journal={IEEE Transactions on Biomedical Engineering},
	volume={69},
	number={8},
	pages={2456--2467},
	year={2022},
	publisher={IEEE}
}

@article{Phan2019SeqSleepNetEH,
	title={SeqSleepNet: End-to-End Hierarchical Recurrent Neural Network for Sequence-to-Sequence Automatic Sleep Staging},
	author={Huy Phan and Fernando Andreotti and Navin Cooray and Oliver Y. Ch{\'e}n and Maarten de Vos},
	journal={IEEE Transactions on Neural Systems and Rehabilitation Engineering},
	year={2019},
	volume={27},
	pages={400-410}
}

@article{Phan2021XSleepNetMS,
	title={XSleepNet: Multi-view sequential model for automatic sleep staging},
	author={Phan, Huy and Ch{\'e}n, Oliver Y and Tran, Minh C and Koch, Philipp and Mertins, Alfred and De Vos, Maarten},
	journal={IEEE Transactions on Pattern Analysis and Machine Intelligence},
	volume={44},
	number={9},
	pages={5903--5915},
	year={2021},
	publisher={IEEE}
}

@inproceedings{Jia2021SalientSleepNetMS,
	title     = {SalientSleepNet: Multimodal Salient Wave Detection Network for Sleep Staging},
	author    = {Jia, Ziyu and Lin, Youfang and Wang, Jing and Wang, Xuehui and Xie, Peiyi and Zhang, Yingbin},
	booktitle = {Proceedings of the Thirtieth International Joint Conference on
	Artificial Intelligence, {IJCAI-21}},
	pages     = {2614--2620},
	year      = {2021},
}

@inproceedings{blanchard2011generalizing,
	title={Generalizing from several related classification tasks to a new unlabeled sample},
	author={Blanchard, Gilles and Lee, Gyemin and Scott, Clayton},
	booktitle={Proceedings of the 24th International Conference on Neural Information Processing Systems},
	pages={2178--2186},
	year={2011}
}

@inproceedings{muandet2013domain,
	title={Domain generalization via invariant feature representation},
	author={Muandet, Krikamol and Balduzzi, David and Sch{\"o}lkopf, Bernhard},
	booktitle={International Conference on Machine Learning},
	pages={10--18},
	year={2013},
}

@inproceedings{ganin2015unsupervised,
	title={Unsupervised domain adaptation by backpropagation},
	author={Ganin, Yaroslav and Lempitsky, Victor},
	booktitle={International conference on machine learning},
	pages={1180--1189},
	year={2015},
}

@article{ganin2016domain,
	title={Domain-adversarial training of neural networks},
	author={Ganin, Yaroslav and Ustinova, Evgeniya and Ajakan, Hana and Germain, Pascal and Larochelle, Hugo and Laviolette, Fran{\c{c}}ois and Marchand, Mario and Lempitsky, Victor},
	journal={The journal of machine learning research},
	volume={17},
	number={1},
	pages={2096--2030},
	year={2016},
}

@article{Kemp2000AnalysisOA,
	title={Analysis of a sleep-dependent neuronal feedback loop: the slow-wave microcontinuity of the EEG},
	author={Bob Kemp and Aeilko H. Zwinderman and Bert Tuk and Hilbert A. C. Kamphuisen and Josefien J. L. Oberye},
	journal={IEEE Transactions on Biomedical Engineering},
	year={2000},
	volume={47},
	pages={1185-1194}
}

@article{Goldberger2000PhysioBankPA,
	title={PhysioBank, PhysioToolkit, and PhysioNet: components of a new research resource for complex physiologic signals.},
	author={Ary L. Goldberger and Luis A. Nunes Amaral and L Glass and Jeffrey M. Hausdorff and Plamen Ch. Ivanov and Roger G. Mark and Joseph E. Mietus and George B. Moody and Chung-Kang Peng and Harry Eugene Stanley},
	journal={Circulation},
	year={2000},
	volume={101 23},
	pages={
	E215-20
	}
}

@article{khalighi2016isruc,
	title={ISRUC-Sleep: A comprehensive public dataset for sleep researchers},
	author={Khalighi, Sirvan and Sousa, Teresa and Santos, Jos{\'e} Moutinho and Nunes, Urbano},
	journal={Computer methods and programs in biomedicine},
	volume={124},
	pages={180--192},
	year={2016},
	publisher={Elsevier}
}

@article{zhang2018national,
	title={The National Sleep Research Resource: towards a sleep data commons},
	author={Zhang, Guo-Qiang and Cui, Licong and Mueller, Remo and Tao, Shiqiang and Kim, Matthew and Rueschman, Michael and Mariani, Sara and Mobley, Daniel and Redline, Susan},
	journal={Journal of the American Medical Informatics Association},
	volume={25},
	number={10},
	pages={1351--1358},
	year={2018},
	publisher={Oxford University Press}
}

@article{quan1997sleep,
	title={The sleep heart health study: design, rationale, and methods},
	author={Quan, Stuart F and Howard, Barbara V and Iber, Conrad and Kiley, James P and Nieto, F Javier and O'Connor, George T and Rapoport, David M and Redline, Susan and Robbins, John and Samet, Jonathan M and others},
	journal={Sleep},
	volume={20},
	number={12},
	pages={1077--1085},
	year={1997},
	publisher={Oxford University Press}
}

@article{alvarez2021inter,
	title={Inter-database validation of a deep learning approach for automatic sleep scoring},
	author={Alvarez-Estevez, Diego and Rijsman, Roselyne M},
	journal={PloS one},
	volume={16},
	number={8},
	pages={e0256111},
	year={2021},
	publisher={Public Library of Science San Francisco, CA USA}
}

@inproceedings{ghassemi2018you,
	title={You snooze, you win: the physionet/computing in cardiology challenge 2018},
	author={Ghassemi, Mohammad M and Moody, Benjamin E and Lehman, Li-Wei H and Song, Christopher and Li, Qiao and Sun, Haoqi and Mark, Roger G and Westover, M Brandon and Clifford, Gari D},
	booktitle={2018 Computing in Cardiology Conference (CinC)},
	volume={45},
	pages={1--4},
	year={2018},
	organization={IEEE}
}

@article{Wolpert1969AMO,
	title={A Manual of Standardized Terminology, Techniques and Scoring System for Sleep Stages of Human Subjects.},
	author={Edward A. Wolpert},
	journal={Archives of General Psychiatry},
	year={1969},
	volume={20},
	pages={246-247}
}

@article{wang2022generalizing,
	author={Wang, Jindong and Lan, Cuiling and Liu, Chang and Ouyang, Yidong and Qin, Tao and Lu, Wang and Chen, Yiqiang and Zeng, Wenjun and Yu, Philip S.},
	journal={IEEE Transactions on Knowledge and Data Engineering}, 
	title={Generalizing to Unseen Domains: A Survey on Domain Generalization}, 
	year={2023},
	volume={35},
	number={8},
	pages={8052-8072},
	doi={10.1109/TKDE.2022.3178128}
}

@article{van2008visualizing,
	title={Visualizing data using t-SNE.},
	author={Van der Maaten, Laurens and Hinton, Geoffrey},
	journal={Journal of machine learning research},
	volume={9},
	number={11},
	year={2008}
}

@article{Irwin2015WhySI,
	title={Why sleep is important for health: a psychoneuroimmunology perspective.},
	author={Michael R. Irwin},
	journal={Annual review of psychology},
	year={2015},
	volume={66},
	pages={
	143-72
	}
}

@article{wang2018deep,
	title={Deep visual domain adaptation: A survey},
	author={Wang, Mei and Deng, Weihong},
	journal={Neurocomputing},
	volume={312},
	pages={135--153},
	year={2018},
	publisher={Elsevier}
}

@inproceedings{jia2020graphsleepnet,
	title={GraphSleepNet: adaptive spatial-temporal graph convolutional networks for sleep stage classification},
	author={Jia, Ziyu and Lin, Youfang and Wang, Jing and Zhou, Ronghao and Ning, Xiaojun and He, Yuanlai and Zhao, Yaoshuai},
	booktitle={Proceedings of the Twenty-Ninth International Conference on International Joint Conferences on Artificial Intelligence},
	pages={1324--1330},
	year={2020}
}

@inproceedings{
	gulrajani2021in,
	title={In Search of Lost Domain Generalization},
	author={Ishaan Gulrajani and David Lopez-Paz},
	booktitle={International Conference on Learning Representations},
	year={2021},
}

@ARTICLE{zhou2021domain,
	author={Zhou, Kaiyang and Liu, Ziwei and Qiao, Yu and Xiang, Tao and Loy, Chen Change},
	journal={IEEE Transactions on Pattern Analysis and Machine Intelligence}, 
	title={Domain Generalization: A Survey}, 
	year={2023},
	volume={45},
	number={4},
	pages={4396-4415},
	doi={10.1109/TPAMI.2022.3195549}}

@article{yoo2021transferring,
	title={Transferring structured knowledge in unsupervised domain adaptation of a sleep staging network},
	author={Yoo, Chaehwa and Lee, Hyang Woon and Kang, Je-Won},
	journal={IEEE journal of biomedical and health informatics},
	volume={26},
	number={3},
	pages={1273--1284},
	year={2021},
	publisher={IEEE}
}

@article{fan2022unsupervised,
	title={Unsupervised domain adaptation by statistics alignment for deep sleep staging networks},
	author={Fan, Jiahao and Zhu, Hangyu and Jiang, Xinyu and Meng, Long and Chen, Chen and Fu, Cong and Yu, Huan and Dai, Chenyun and Chen, Wei},
	journal={IEEE Transactions on Neural Systems and Rehabilitation Engineering},
	volume={30},
	pages={205--216},
	year={2022},
	publisher={IEEE}
}

@inproceedings{anido2022analysis,
	title={Analysis of ensemble-combination strategies for improving inter-database generalization of deep-learning-based automatic sleep staging},
	author={Anido--Alonso, Adriana and Alvarez--Estevez, Diego},
	booktitle={2022 IEEE-EMBS International Conference on Biomedical and Health Informatics (BHI)},
	pages={01--06},
	year={2022},
	organization={IEEE}
}

@article{jia2021multi,
	title={Multi-view spatial-temporal graph convolutional networks with domain generalization for sleep stage classification},
	author={Jia, Ziyu and Lin, Youfang and Wang, Jing and Ning, Xiaojun and He, Yuanlai and Zhou, Ronghao and Zhou, Yuhan and Li-wei, H Lehman},
	journal={IEEE Transactions on Neural Systems and Rehabilitation Engineering},
	volume={29},
	pages={1977--1986},
	year={2021},
	publisher={IEEE}
}

@article{robey2021model,
	title={Model-based domain generalization},
	author={Robey, Alexander and Pappas, George J and Hassani, Hamed},
	journal={Advances in Neural Information Processing Systems},
	volume={34},
	pages={20210--20229},
	year={2021}
}

@article{dou2019domain,
	title={Domain generalization via model-agnostic learning of semantic features},
	author={Dou, Qi and Coelho de Castro, Daniel and Kamnitsas, Konstantinos and Glocker, Ben},
	journal={Advances in Neural Information Processing Systems},
	volume={32},
	year={2019}
}

@inproceedings{koh2021wilds,
	title={Wilds: A benchmark of in-the-wild distribution shifts},
	author={Koh, Pang Wei and Sagawa, Shiori and Marklund, Henrik and Xie, Sang Michael and Zhang, Marvin and Balsubramani, Akshay and Hu, Weihua and Yasunaga, Michihiro and Phillips, Richard Lanas and Gao, Irena and others},
	booktitle={International Conference on Machine Learning},
	pages={5637--5664},
	year={2021},
	organization={PMLR}
}

@Misc{deepdg, 
	title = {DeepDG: Deep Domain Generalization Toolkit},  
	author = {Wang, Jindong and Wang Lu},
	year={2021}
}

@article{Arjovsky2019InvariantRM,
	title={Invariant Risk Minimization},
	author={Mart{\'i}n Arjovsky and L{\'e}on Bottou and Ishaan Gulrajani and David Lopez-Paz},
	journal={ArXiv},
	year={2019},
	volume={abs/1907.02893},
	url={https://api.semanticscholar.org/CorpusID:195820364}
}

@inproceedings{li2018domain,
	title={Domain generalization with adversarial feature learning},
	author={Li, Haoliang and Pan, Sinno Jialin and Wang, Shiqi and Kot, Alex C},
	booktitle={Proceedings of the IEEE conference on computer vision and pattern recognition},
	pages={5400--5409},
	year={2018}
}


@inproceedings{li2018dg,
	title={Domain generalization via conditional invariant representations},
	author={Li, Ya and Gong, Mingming and Tian, Xinmei and Liu, Tongliang and Tao, Dacheng},
	booktitle={Proceedings of the AAAI conference on artificial intelligence},
	volume={32},
	number={1},
	year={2018},
	pages={3579--3587}
}

@article{perslev2021u,
	title={U-Sleep: resilient high-frequency sleep staging},
	author={Perslev, Mathias and Darkner, Sune and Kempfner, Lykke and Nikolic, Miki and Jennum, Poul J{\o}rgen and Igel, Christian},
	journal={NPJ digital medicine},
	volume={4},
	number={1},
	pages={72},
	year={2021},
	publisher={Nature Publishing Group UK London}
}

@inproceedings{saha2019hierarchical,
	title={Hierarchical deep feature learning for decoding imagined speech from EEG},
	author={Saha, Pramit and Fels, Sidney},
	booktitle={Proceedings of the AAAI Conference on Artificial Intelligence},
	volume={33},
	number={01},
	pages={10019--10020},
	year={2019}
}

@inproceedings{matsuura2020domain,
	title={Domain generalization using a mixture of multiple latent domains},
	author={Matsuura, Toshihiko and Harada, Tatsuya},
	booktitle={Proceedings of the AAAI Conference on Artificial Intelligence},
	volume={34},
	number={07},
	pages={11749--11756},
	year={2020}
}

@inproceedings{zhao2021plug,
	title={Plug-and-play domain adaptation for cross-subject EEG-based emotion recognition},
	author={Zhao, Li-Ming and Yan, Xu and Lu, Bao-Liang},
	booktitle={Proceedings of the AAAI Conference on Artificial Intelligence},
	volume={35},
	number={1},
	pages={863--870},
	year={2021}
}

@ARTICLE{wang2023narcolepsy,
	author={Wang, Jiquan and Zhao, Sha and Zhou, Yangxuan and Jiang, Haiteng and Yu, Zhenghe and Li, Tao and Li, Shijian and Pan, Gang},
	journal={IEEE Transactions on Neural Systems and Rehabilitation Engineering}, 
	title={Narcolepsy Diagnosis With Sleep Stage Features Using PSG Recordings}, 
	year={2023},
	volume={31},
	number={},
	pages={3619-3629},
	doi={10.1109/TNSRE.2023.3312396}
}

@article{sun2016remembered,
	title={Remembered or forgotten?—An EEG-based computational prediction approach},
	author={Sun, Xuyun and Qian, Cunle and Chen, Zhongqin and Wu, Zhaohui and Luo, Benyan and Pan, Gang},
	journal={PloS one},
	volume={11},
	number={12},
	pages={e0167497},
	year={2016},
	publisher={Public Library of Science San Francisco, CA USA}
}

@article{he2018effects,
	title={Effects of 20 Hz repetitive transcranial magnetic stimulation on disorders of consciousness: a resting-state electroencephalography study},
	author={He, Fangping and Wu, Min and Meng, Fanxia and Hu, Yangfan and Gao, Jian and Chen, Zhongqin and Bao, Wangxiao and Liu, Kehong and Luo, Benyan and Pan, Gang},
	journal={Neural Plasticity},
	volume={2018},
	year={2018},
	publisher={Hindawi}
}

@article{pan2018rapid,
	title={Rapid decoding of hand gestures in electrocorticography using recurrent neural networks},
	author={Pan, Gang and Li, Jia-Jun and Qi, Yu and Yu, Hang and Zhu, Jun-Ming and Zheng, Xiao-Xiang and Wang, Yue-Ming and Zhang, Shao-Min},
	journal={Frontiers in neuroscience},
	volume={12},
	pages={555},
	year={2018},
	publisher={Frontiers Media SA}
}

@article{Wang2023ARO,
	title={A Review of Predictive and Contrastive Self-supervised Learning for Medical Images},
	author={Wei-Chien Wang and Euijoon Ahn and Da-wei Feng and Jinman Kim},
	journal={Machine Intelligence Research},
	year={2023},
	volume={20},
	pages={483 - 513},
	url={https://api.semanticscholar.org/CorpusID:256808383}
}


@article{wang2022automatic,
	title={Automatic sleep staging method of EEG signal based on transfer learning and fusion network},
	author={Wang, Hai and Guo, Hongbo and Zhang, Kan and Gao, Ling and Zheng, Jie},
	journal={Neurocomputing},
	volume={488},
	pages={183--193},
	year={2022},
	publisher={Elsevier}
}


@article{melek2021automatic,
	title={An automatic EEG-based sleep staging system with introducing NAoSP and NAoGP as new metrics for sleep staging systems},
	author={Melek, Mesut and Manshouri, Negin and Kayikcioglu, Temel},
	journal={Cognitive Neurodynamics},
	volume={15},
	pages={405--423},
	year={2021},
	publisher={Springer}
}

@article{yi2021hippocampal,
	title={Hippocampal segmentation in brain mri images using machine learning methods: A survey},
	author={Yi, PAN and Jin, LIU and Xu, TIAN and Wei, LAN and Rui, GUO},
	journal={Chinese Journal of Electronics},
	volume={30},
	number={5},
	pages={793--814},
	year={2021},
	publisher={Wiley Online Library}
}

@article{phan2022automatic,
	title={Automatic sleep staging of EEG signals: recent development, challenges, and future directions},
	author={Phan, Huy and Mikkelsen, Kaare},
	journal={Physiological Measurement},
	volume={43},
	number={4},
	pages={04TR01},
	year={2022},
	publisher={IOP Publishing}
}