%% This BibTeX bibliography file was created using BibDesk.
%% https://bibdesk.sourceforge.io/

%% Created for Omer Lev at 2023-08-16 04:01:33 +0300 


%% Saved with string encoding Unicode (UTF-8) 



@article{williamson1992inexact,
	author = {Williamson, Timothy},
	journal = {Mind},
	number = {402},
	pages = {217--242},
	publisher = {JSTOR},
	title = {Inexact knowledge},
	volume = {101},
	year = {1992}}

@article{chater2006probabilistic,
	author = {Chater, Nick and Tenenbaum, Joshua B and Yuille, Alan},
	journal = {Trends in Cognitive Sciences},
	number = {7},
	pages = {287--291},
	publisher = {Elsevier},
	title = {Probabilistic models of cognition: Conceptual foundations},
	volume = {10},
	year = {2006}}

@article{riker1968theory,
	author = {Riker, William H and Ordeshook, Peter C},
	journal = {American political science review},
	number = {1},
	pages = {25--42},
	publisher = {Cambridge University Press},
	title = {A Theory of the Calculus of Voting},
	volume = {62},
	year = {1968}}

@article{Yag90,
	author = {Ronald R. Yager},
	date-added = {2018-08-30 33:38:23 AM +0300},
	date-modified = {2018-08-30 33:39:44 AM +0300},
	journal = {Cybernetics and Systems},
	number = {6},
	pages = {575-589},
	title = {On the Representation of multi-agent aggregation using fuzzy logic},
	volume = {21},
	year = {1990}}

@article{DFP96,
	author = {Didier Dubois and H{\'e}l{\`e}ne Fargier and Henri Prade},
	date-added = {2018-08-30 33:30:10 AM +0300},
	date-modified = {2018-08-30 33:31:16 AM +0300},
	journal = {Fuzzy Sets and Systems},
	month = {July},
	number = {1},
	pages = {103-122},
	title = {Refinements of the maximin approach to decision-making in a fuzzy environment},
	volume = {81},
	year = {1996}}

@article{Hal97,
	author = {Joseph Y. Halpern},
	date-added = {2018-05-01 22:33:35 AM +0000},
	date-modified = {2023-08-16 04:01:33 +0300},
	journal = {Journal of Artifcial Intelligence Research},
	month = {July},
	pages = {1-24},
	title = {Defining Relative Likelihood in Partially-Ordered Preferential Structures},
	volume = {7},
	year = {1997}}

@book{shafer1976mathematical,
	author = {Shafer, Glenn},
	publisher = {Princeton university press},
	title = {A mathematical theory of evidence},
	volume = {42},
	year = {1976}}

@inproceedings{MP15,
	address = {Portland, Oregon},
	author = {Reshef Meir and David Parkes},
	booktitle = {Proceedings of the 10th Workshop on the Economics of Networks, Systems and Computation (NetEcon)},
	date-added = {2018-01-30 22:03:29 AM +0000},
	date-modified = {2018-01-30 22:08:08 AM +0000},
	month = {June},
	pages = {67-70},
	title = {Playing the Wrong Game: Smoothness Bounds for Congestion Games with Behavioral Biases},
	year = {2015}}

@article{Las09,
	author = {Jean-Fran{\c c}ois Laslier},
	date-added = {2018-01-25 77:54:18 AM +0000},
	date-modified = {2018-01-25 77:55:39 AM +0000},
	journal = {Journal of Theoretical Politics},
	month = {January},
	number = {1},
	pages = {113-136},
	title = {The Leader Rule: A Model of Strategic Approval Voting in a Large Electorate},
	volume = {21},
	year = {2009}}

@article{Aum99,
	author = {Robert J. Aumann},
	date-added = {2018-01-24 66:56:56 AM +0000},
	date-modified = {2018-01-24 77:21:21 AM +0000},
	journal = {International Journal of Game Theory},
	month = {August},
	number = {3},
	pages = {263-300},
	title = {Interactive epistemology {I}: Knowledge},
	volume = {28},
	year = {1999}}

@article{Aum95,
	author = {Robert J. Aumann},
	date-added = {2018-01-24 66:55:52 AM +0000},
	date-modified = {2018-01-24 66:56:40 AM +0000},
	journal = {Games and Economic Behavior},
	number = {1},
	pages = {6-19},
	title = {Backward induction and common knowledge of rationality},
	volume = {6},
	year = {1995}}

@inproceedings{KSLR17,
	address = {Melbourne, Australia},
	author = {Aaron Koolyk and Tyrone Strangway and Omer Lev and Jeffrey S. Rosenschein},
	booktitle = {Proceedings of the 26th International Joint Conference on Artificial Intelligence (IJCAI)},
	date-added = {2018-01-24 55:37:25 AM +0000},
	date-modified = {2018-01-24 55:38:33 AM +0000},
	month = {August},
	pages = {273-279},
	title = {Convergence and Quality of Iterative Voting Under Non-Scoring Rules},
	year = {2017}}

@incollection{ME17,
	author = {Reshef Meir},
	booktitle = {Trends in Computational Social Choice},
	chapter = {4},
	date-added = {2018-01-24 22:32:01 AM +0000},
	date-modified = {2018-01-24 22:33:32 AM +0000},
	editor = {Ulle Endriss},
	pages = {69-86},
	publisher = {AI Access},
	title = {Iterative Voting},
	year = {2017}}

@book{End17,
	date-added = {2018-01-24 22:30:55 AM +0000},
	date-modified = {2018-01-24 22:31:59 AM +0000},
	editor = {Ulle Endriss},
	publisher = {AI Access},
	title = {Trends in Computational Social Choice},
	year = {2017}}

@inproceedings{AKWX16,
	address = {The Hague, The Netherlands},
	author = {Haris Aziz and Thomas Kalinowski and Toby Walsh and Lirong Xia},
	booktitle = {Proceedings of the 22nd European Conference on Artificial Intelligence (ECAI)},
	date-added = {2018-01-18 012:50:10 AM +0000},
	date-modified = {2018-01-18 012:55:39 AM +0000},
	month = {August},
	pages = {787-794},
	title = {Welfare of Sequential Allocation Mechanisms for Indivisible Goods},
	year = {2016}}

@article{BBCFNW15,
	author = {Ren{\'e} van Bevern and Robert Bredereck and Jiehua Chen and Vincent Froese and Rolf Niedermeier and Gerhard J. Woeginger},
	date-added = {2018-01-17 99:13:15 AM +0000},
	date-modified = {2018-01-17 99:14:54 AM +0000},
	journal = {SIAM Journal on Discrete Mathematics},
	number = {2},
	pages = {888-914},
	title = {Network-Based Vertex Dissolution},
	volume = {29},
	year = {2015}}

@book{Rog62,
	author = {Everett M. Rogers},
	date-added = {2017-12-23 2210:38:25 PM +0000},
	date-modified = {2017-12-23 2210:40:23 PM +0000},
	publisher = {Free Press of Glencoe},
	title = {Diffusion of Innovations},
	year = {1962}}

@article{MN15,
	author = {Ethan Mollick and Ramana Nanda},
	date-added = {2017-12-03 012:46:54 AM +0000},
	date-modified = {2017-12-03 012:46:54 AM +0000},
	journal = {Management Science},
	number = {6},
	pages = {1533-1553},
	title = {Wisdom or madness? Comparing crowds with expert evaluation in funding the arts},
	volume = {62},
	year = {2015}}

@misc{Hos14,
	author = {Robert Hoskins},
	date-added = {2017-12-03 012:45:57 AM +0000},
	date-modified = {2017-12-03 012:46:02 AM +0000},
	howpublished = {http://crowdfundingpr.wordpress.com/2013/06/12/crowdfunding-press-center-releases-the-first-global-100-crowdfunding-site-index/},
	lastchecked = {7/7/2014},
	month = {July},
	title = {Global 100 Crowdfunding Index},
	url = {http://crowdfundingpr.wordpress.com/2013/06/12/crowdfunding-press-center-releases-the-first-global-100-crowdfunding-site-index/},
	year = {2014},
	bdsk-url-1 = {http://crowdfundingpr.wordpress.com/2013/06/12/crowdfunding-press-center-releases-the-first-global-100-crowdfunding-site-index/}}

@article{MV07,
	author = {Alejandro M. Manelli and Daniel R. Vincent},
	date-added = {2017-07-03 02:07:12 +0000},
	date-modified = {2017-07-03 02:07:20 +0000},
	journal = {Journal of Economic Theory},
	month = {November},
	number = {1},
	pages = {153--185},
	title = {Multidimensional Mechanism Design: Revenue Maximization and the Multiple-Good Monopoly},
	volume = {137},
	year = {2007}}

@inproceedings{OLMRR17,
	address = {S{\~a}o-Paulo, Brazil},
	author = {Svetlana Obraztsova and Omer Lev and Evangelos Markakis and Zinovi Rabinovich and Jeffrey S. Rosenschein},
	booktitle = {Proceedings of the 16th International Coference on Autonomous Agents and Multiagent Systems (AAMAS)},
	date-added = {2017-06-14 01:59:12 +0000},
	date-modified = {2017-06-14 02:00:33 +0000},
	month = {May},
	pages = {885-892},
	title = {Distant Truth: Bias Under Vote Distortion Cost},
	year = {2017}}

@inproceedings{LLR17,
	address = {S{\~a}o-Paulo, Brazil},
	author = {Yoad Lewenberg and Omer Lev and Jeffrey S. Rosenschein},
	booktitle = {Proceedings of the 16th International Coference on Autonomous Agents and Multiagent Systems (AAMAS)},
	date-added = {2017-06-14 01:57:26 +0000},
	date-modified = {2017-06-14 01:58:50 +0000},
	month = {May},
	pages = {624-632},
	title = {Divide and Conquer: Using Geographic Manipulation to Win District-Based Elections},
	year = {2017}}

@inproceedings{cite-key,
	date-added = {2017-05-11 22:34:26 +0000},
	date-modified = {2017-05-11 22:34:26 +0000}}

@techreport{ZGMZG15,
	author = {Cheng Zhang and Mike Gartrell and Thomas P. Minka and Yordan Zaykov and John Guiver},
	date-added = {2017-02-23 16:00:05 +0000},
	date-modified = {2017-02-23 16:00:05 +0000},
	institution = {Microsoft Research},
	month = {July},
	number = {MSR-TR--2015-61},
	title = {GroupBox: A generative model for group recommendation},
	year = {2015}}

@book{Gra12,
	author = {Alex Graves},
	date-added = {2017-02-06 03:12:08 +0000},
	date-modified = {2017-02-06 03:12:44 +0000},
	publisher = {Springer},
	title = {Supervised Sequence Labelling with Recurrent Neural Networks},
	year = {2012}}

@article{Wei80,
	author = {Neil D. Weinstein},
	date-added = {2017-01-27 16:52:21 +0000},
	date-modified = {2017-01-27 16:52:21 +0000},
	journal = {Journal of Personality and Social Psychology},
	number = {5},
	pages = {806-820},
	title = {Unrealistic Optimism About Future Life Events},
	volume = {39},
	year = {1980}}

@inproceedings{Mei16,
	address = {Liverpool, Great Britain},
	author = {Reshef Meir},
	booktitle = {Proceedings of the 9th International Symposium on Algorithmic Game Theory (SAGT)},
	date-added = {2017-01-27 00:59:44 +0000},
	date-modified = {2017-01-27 01:01:16 +0000},
	month = {September},
	pages = {182-194},
	title = {Strong and Weak Acyclicity in Iterative Voting},
	year = {2016}}

@inproceedings{HGG14,
	address = {Baltimore, Maryland},
	author = {Julie S. Hui and Michael D. Greenberg and Elizabeth M. Gerber},
	booktitle = {Proceedings of the 17th ACM conference on Computer supported cooperative work and social computing (CSCW)},
	date-added = {2017-01-24 17:13:20 +0000},
	date-modified = {2017-01-24 17:15:39 +0000},
	month = {February},
	pages = {62-74},
	title = {Understanding the Role of Community in Crowdfunding Work},
	year = {2014}}

@techreport{ACG11,
	author = {Ajay K. Agrawal and Christian Catalini and Avi Goldfarb},
	date-added = {2017-01-24 16:45:51 +0000},
	date-modified = {2017-01-24 16:45:51 +0000},
	institution = {National Bureau of Economic Research (NBER)},
	month = {February},
	number = {16820},
	title = {The Geography of Crowdfunding},
	type = {Working Paper},
	year = {2011}}

@inproceedings{AQC14,
	address = {Seoul, South Korea},
	author = {Jisun An and Daniele Quercia and Jon Crowcroft},
	booktitle = {Proceedings of the 23rd international conference on World wide web (WWW)},
	date-added = {2017-01-24 16:45:38 +0000},
	date-modified = {2017-01-24 16:45:38 +0000},
	month = {April},
	pages = {261-270},
	title = {Recommending investors for crowdfunding projects},
	year = {2014}}

@article{BGW13,
	author = {Gordon Burtch and Anindya Ghose and Sunil Wattal},
	date-added = {2017-01-24 16:45:31 +0000},
	date-modified = {2017-01-24 16:45:31 +0000},
	journal = {Information System Research},
	month = {September},
	number = {3},
	pages = {499-519},
	title = {An Empirical Examination of the Antecedents and Consequences of Contribution Patterns in Crowd-Funded Markets},
	volume = {24},
	year = {2013}}

@techreport{KB13,
	author = {Venkat Kuppuswamy and Barry L. Bayus},
	date-added = {2017-01-24 16:45:24 +0000},
	date-modified = {2017-01-24 16:45:24 +0000},
	institution = {University of North Carolina Kenan-Flagler Business School},
	number = {2013-15},
	title = {Crowdfunding Creative Ideas: The Dynamics of Project Backers in Kickstarter},
	type = {Working Paper},
	year = {2013}}

@article{Mol14,
	author = {Ethan R. Mollick},
	date-added = {2017-01-24 16:45:19 +0000},
	date-modified = {2017-01-24 16:45:19 +0000},
	journal = {Journal of Business Venturing},
	month = {January},
	number = {1},
	pages = {1-16},
	title = {The Dynamics of Crowdfunding: An Exploratory Study},
	volume = {29},
	year = {2014}}

@inproceedings{XYRFHB14,
	address = {Toronto, Canada},
	author = {Anbang Xu and Xiao Yang and Huaming Rao and Wai-Tat Fu and Shih-Wen Huang and Brian P. Bailey},
	booktitle = {Proceedings of the SIGCHI Conference on Human Factors in Computing Systems (CHI)},
	date-added = {2017-01-24 16:45:11 +0000},
	date-modified = {2017-01-24 16:45:11 +0000},
	month = {April},
	pages = {591-600},
	title = {Show me the money!: an analysis of project updates during crowdfunding campaigns},
	year = {2014}}

@inproceedings{MG14,
	address = {Baltimore, Maryland},
	author = {Tanushree Mitra and Eric Gilbert},
	booktitle = {Proceedings of the 17th ACM Conference on Computer Supported Cooperative Work \& Social Computing (CSCW)},
	date-added = {2017-01-24 16:45:03 +0000},
	date-modified = {2017-01-24 16:45:03 +0000},
	month = {February},
	pages = {49-61},
	title = {The language that gets people to give: phrases that predict success on kickstarter},
	year = {2014}}

@article{GH13,
	author = {Elizabeth M. Gerber and Julie Hui},
	date-added = {2017-01-24 16:44:57 +0000},
	date-modified = {2017-01-24 16:44:57 +0000},
	journal = {ACM Transactions on Computer-Human Interaction (TOCHI)},
	month = {December},
	number = {6},
	pages = {1-32},
	title = {Crowdfunding: Motivations and deterrents for participation},
	volume = {20},
	year = {2013}}

@inproceedings{EGT13,
	address = {Boston, Massachusetts},
	author = {Vincent Etter and Matthias Grossglauser and Patrick Thiran},
	booktitle = {Proceedings of 1st ACM Conference on Online Social Networks (COSN)},
	date-added = {2017-01-24 16:44:50 +0000},
	date-modified = {2017-01-24 16:44:50 +0000},
	month = {October},
	pages = {177-182},
	title = {Launch hard or go home!: predicting the success of kickstarter campaigns},
	year = {2013}}

@techreport{CJKS14,
	author = {Kevin Chen and Brock Jones and Isaac Kim and Brooklyn Schlamp},
	date-added = {2017-01-24 16:44:42 +0000},
	date-modified = {2017-01-24 16:44:42 +0000},
	institution = {CalTech},
	title = {KickPredict: Predicting Kickstarter Success},
	year = {2014}}

@inproceedings{DPHG13,
	address = {Paris, France},
	author = {Michael D. Greenberg and Bryan Pardo and Karthic Hariharan and Elizabeth Gerber},
	booktitle = {Proceedings of the SIGCHI Conference on Human Factors in Computing Systems (CHI)},
	date-added = {2017-01-24 16:44:33 +0000},
	date-modified = {2017-01-24 16:44:33 +0000},
	month = {April},
	pages = {1815-1820},
	title = {Crowdfunding Support Tools: Predicting Success \& Failure},
	year = {2013}}

@article{Haz12,
	author = {Tomas Lee Hazen},
	date-added = {2017-01-24 16:07:07 +0000},
	date-modified = {2017-01-24 16:08:51 +0000},
	journal = {North Carolina Law Review},
	number = {5},
	pages = {1735-1769},
	title = {Crowdfunding or Fraudfunding? Social Networks and the Securities Laws -- Why the Specially Tailored Exemption Must be Conditioned on Meaningful Disclosure},
	volume = {90},
	year = {2012}}

@incollection{SL12,
	author = {Armin Schwienbacher and Benjamin Larralde},
	booktitle = {Handbook of Entrepreneurial Finance},
	date-added = {2017-01-24 16:03:27 +0000},
	date-modified = {2017-01-24 16:05:03 +0000},
	publisher = {Oxford University Press},
	title = {Crowdfunding of Small Entrepreneurial Ventures},
	year = {2012}}

@article{Rob51,
	author = {Julia Robinson},
	date-added = {2016-10-10 55:14:17 AM +0000},
	date-modified = {2016-10-10 55:15:42 AM +0000},
	journal = {Annals of Mathematics},
	month = {September},
	number = {2},
	pages = {296-301},
	title = {An Iterative Method of Solving a Game},
	volume = {54},
	year = {1951}}

@article{Bro51,
	author = {George W. Brown},
	date-added = {2016-10-10 55:07:38 AM +0000},
	date-modified = {2016-10-10 55:10:35 AM +0000},
	journal = {Activity analysis of production and allocation},
	number = {1},
	pages = {374-376},
	title = {Iterative solution of games by fictitious play},
	volume = {13},
	year = {1951}}

@article{LR16,
	author = {Omer Lev and Jeffrey S. Rosenschein},
	date-added = {2016-09-02 05:12:28 +0000},
	date-modified = {2017-01-25 19:07:01 +0000},
	journal = {Journal of Artificial Intelligence Research (JAIR)},
	month = {December},
	pages = {573-591},
	title = {Convergence of Iterative Scoring Rules},
	volume = {57},
	year = {2016}}

@unpublished{LT15,
	author = {Omer Lev and Moshe Tennenholtz},
	date-added = {2016-07-31 04:46:51 +0000},
	date-modified = {2016-07-31 04:46:57 +0000},
	month = {August},
	note = {In submission},
	title = {An Axiomatic Approach to Group Recommendations},
	year = {2016}}

@inproceedings{BLS16,
	address = {Singapore},
	author = {Allan Borodin and Omer Lev and Tyrone Strangway},
	booktitle = {Proceedings of the 15th International Joint Conference on Autonomous Agents and Multiagent Systems (AAMAS)},
	date-added = {2016-07-31 04:42:19 +0000},
	date-modified = {2016-07-31 04:43:36 +0000},
	month = {May},
	pages = {95-103},
	title = {Budgetary Effects on Pricing Equilibrium in Online Markets},
	year = {2016}}

@unpublished{BLS16b,
	author = {Yoram Bachrach and Omer Lev and Joshua Shemesh},
	date-added = {2016-07-29 23:05:19 +0000},
	date-modified = {2016-07-31 04:44:27 +0000},
	month = {August},
	note = {In submission},
	title = {How do People Evaluate Crowdfunding Projects?},
	year = {2016}}

@inproceedings{LL16,
	address = {Toulouse, France},
	author = {Yoad Lewenberg and Omer Lev},
	booktitle = {Proceedings of COMSOC},
	date-added = {2016-07-29 07:09:49 +0000},
	date-modified = {2016-07-29 07:10:49 +0000},
	month = {June},
	title = {Divide and Conquer: Using Geographic Manipulation to Win District-Based Elections},
	year = {2016}}

@inproceedings{BLLZ16,
	address = {New York City, New York},
	author = {Yoram Bachrach and Omer Lev and Yoad Lewenberg and Yair Zick},
	booktitle = {Proceedings of the 25th International Joint Conference on Artificial Intelligence (IJCAI)},
	date-added = {2016-07-29 07:06:17 +0000},
	date-modified = {2016-07-29 07:09:43 +0000},
	month = {July},
	pages = {81-87},
	title = {Misrepresentation in District Voting},
	year = {2016}}

@article{LLBR16,
	author = {Yoad Lewenberg and Omer Lev and Yoram Bachrach and Jeffrey S. Rosenschein},
	date-added = {2016-07-29 06:33:00 +0000},
	date-modified = {2016-08-09 01:54:46 +0000},
	journal = {IEEE Intelligent Systems},
	note = {Accepted},
	title = {Agent Failures in All-Pay Auctions},
	year = {2016},
	bdsk-url-1 = {http://www.cs.toronto.edu/~omerl/papers/ijcai13.pdf}}

@inproceedings{ALMRW16,
	address = {Phoenix, Arizona},
	author = {Haris Aziz and Omer Lev and Nicholas Mattei and Jeffrey S. Rosenschein and Toby Walsh},
	booktitle = {Proceedings of the 30th Conference on Artificial Intelligence (AAAI)},
	date-added = {2016-07-28 06:48:35 +0000},
	date-modified = {2016-07-28 06:50:19 +0000},
	month = {February},
	pages = {397-403},
	title = {Strategyproof Peer Selection: Mechanisms, Analyses, and Experiments},
	year = {2016}}

@unpublished{ALMRW16b,
	author = {Haris Aziz and Omer Lev and Nicholas Mattei and Jeffrey S. Rosenschein and Toby Walsh},
	date-added = {2016-07-28 06:46:12 +0000},
	date-modified = {2016-07-28 06:53:11 +0000},
	month = {August},
	note = {In submission},
	title = {Strategyproof Peer Selection},
	url = {https://arxiv.org/abs/1604.03632},
	year = {2016},
	bdsk-url-1 = {https://arxiv.org/abs/1604.03632}}

@inproceedings{OLPRR15,
	address = {Buenos Aires, Argentina},
	author = {Svetlana Obraztsova and Omer Lev and Maria Polukarov and Zinovi Rabinovich and Jeffrey S. Rosenschein},
	booktitle = {AGT@IJCAI},
	date-added = {2016-04-12 05:49:09 +0000},
	date-modified = {2016-04-12 05:50:28 +0000},
	month = {July},
	title = {Farsighted Voting Dynamics},
	year = {2015}}

@mastersthesis{Lor12,
	author = {Andrea Loreggia},
	date-added = {2016-04-12 05:47:22 +0000},
	date-modified = {2016-04-12 05:56:01 +0000},
	school = {University of Padova},
	title = {Iterative voting and multi-mode control in preference aggregation},
	year = {2012}}

@inproceedings{KLR16,
	address = {Singapore},
	author = {Aaron Koolyk and Omer Lev and Jeffrey S. Rosenschein},
	booktitle = {Proceedings of the 15th International Joint Conference on Autonomous Agents and Multiagent Systems (AAMAS)},
	date-added = {2016-04-12 05:43:40 +0000},
	date-modified = {2017-01-25 21:51:00 +0000},
	month = {May},
	pages = {1329-1330},
	title = {Convergence of Iterative Voting Under Non-Scoring Rules},
	year = {2016}}

@inproceedings{OLMRR15,
	address = {Lexington, Kentucky},
	author = {Svetlana Obraztsova and Omer Lev and Vangelis Markakis and Zinovi Rabinovich and Jeffrey S. Rosenschein},
	booktitle = {Proceedings of the 4th International Conference on Algorithmic Decision Theory (ADT)},
	date-added = {2016-04-03 22:46:47 +0000},
	date-modified = {2016-04-03 22:47:22 +0000},
	month = {September},
	pages = {451-468},
	title = {Beyond Plurality: Truth-Bias in Binary Scoring Rules},
	url = {http://www.cs.toronto.edu/~omerl/papers/adt15.pdf},
	year = {2015},
	bdsk-url-1 = {http://www.cs.toronto.edu/~omerl/papers/adt15.pdf}}

@article{DKTO88,
	author = {Bella M. DePaulo and Susan E. Kirkendol and John Tang and Thomas P. O'Brien},
	date-added = {2016-02-01 00:29:20 +0000},
	date-modified = {2016-02-01 00:30:18 +0000},
	journal = {Journal of Nonverbal Behavior},
	month = {September},
	number = {3},
	pages = {177-202},
	title = {The motivational impairment effect in the communication of deception: Replications and extensions},
	volume = {12},
	year = {1988}}

@article{DKKWE96,
	author = {Bella M. DePaulo and Deborah A. Kashy and Susan E. Kirkendol and Melissa M. Wyer and Jennifer A. Epstein},
	date-added = {2016-01-31 23:54:36 +0000},
	date-modified = {2016-01-31 23:56:12 +0000},
	journal = {Journal of Personality and Social Psychology},
	month = {May},
	number = {5},
	pages = {979-995},
	title = {Lying in Everyday Life},
	volume = {70},
	year = {1996}}

@article{Tan10,
	author = {Andranik Tangian},
	date-added = {2016-01-28 11:52:47 +0000},
	date-modified = {2016-01-28 11:53:38 +0000},
	journal = {Social Choice and Welfare},
	month = {June},
	number = {1},
	pages = {129-161},
	title = {Computational application of the mathematical theory of democracy to Arrow's Impossibility Theorem (how dictatorial are Arrow's dictators?)},
	volume = {35},
	year = {2010}}

@inproceedings{SYMM11,
	address = {Chicago, Illinois},
	author = {Shunichi Seko and Takashi Yagi and Manabu Motegi and Shinyo Muto},
	booktitle = {Proceedings of the 5th ACM conference on Recommender systems (RecSys)},
	date-added = {2016-01-25 07:44:45 +0000},
	date-modified = {2016-01-25 07:46:17 +0000},
	month = {October},
	pages = {101-108},
	title = {Group recommendation using feature space representing behavioral tendency and power balance among members},
	year = {2011}}

@inproceedings{GLRW13,
	address = {Seoul, Korea},
	author = {Jagadeesh Gorla and Neal Lathia and Stephen Robertson and Jun Wang},
	booktitle = {Proceedings of the 22nd international conference on World Wide Web (WWW)},
	date-added = {2016-01-25 07:38:59 +0000},
	date-modified = {2016-01-25 07:40:31 +0000},
	month = {April},
	pages = {495-504},
	title = {Probabilistic group recommendation via information matching},
	year = {2013}}

@inproceedings{YCL14,
	address = {New York City, New York},
	author = {Quan Yuan and Gao Cong and Chin-Yew Lin},
	booktitle = {Proceedings of the 20th ACM SIGKDD international conference on Knowledge discovery and data mining (KDD)},
	date-added = {2016-01-25 07:32:14 +0000},
	date-modified = {2016-01-25 07:34:14 +0000},
	month = {August},
	pages = {163-172},
	title = {COM: a generative model for group recommendation},
	year = {2014}}

@inproceedings{Mos04,
	address = {Banff, Canada},
	author = {Moshe Tennenholtz},
	booktitle = {Proceedings of the 20th conference on Uncertainty in Artificial Intelligence (UAI)},
	date-added = {2016-01-25 06:32:28 +0000},
	date-modified = {2016-01-25 06:34:09 +0000},
	month = {July},
	pages = {544-551},
	title = {Reputation systems: an axiomatic approach},
	year = {2004}}

@article{Plo76,
	author = {Charles R. Plott},
	date-added = {2016-01-25 06:27:55 +0000},
	date-modified = {2016-01-25 06:28:38 +0000},
	journal = {American Journal of Political Science},
	month = {August},
	number = {3},
	pages = {511-596},
	title = {Axiomatic Social Choice Theory: An Overview and Interpretation},
	volume = {20},
	year = {1976}}

@book{BCELP16,
	date-added = {2016-01-22 00:46:08 +0000},
	date-modified = {2016-01-22 00:48:23 +0000},
	editor = {Felix Brandt and Vincent Conitzer and Ulle Endriss and J{\'e}r{\^o}me Lang and Ariel D. Procaccia},
	month = {March},
	publisher = {Cambridge University Press},
	title = {Handbook of Computational Social Choice},
	year = {2016}}

@book{Rot15,
	date-added = {2016-01-22 00:41:28 +0000},
	date-modified = {2016-01-22 00:49:42 +0000},
	editor = {J{\"o}rg Rothe},
	publisher = {Springer},
	title = {Economics and Computation},
	year = {2015}}

@article{GMS02,
	author = {Arieh Gavious and Benny Moldovanu and Aner Sela},
	date-added = {2016-01-20 09:47:03 +0000},
	date-modified = {2016-01-20 09:47:47 +0000},
	journal = {The RAND Journal of Economics},
	number = {4},
	pages = {709-722},
	title = {Bid Costs and Endogenous Bid Caps},
	volume = {33},
	year = {2002}}

@article{Ath01,
	author = {Susan Athey},
	date-added = {2016-01-20 09:42:12 +0000},
	date-modified = {2016-01-20 09:43:26 +0000},
	journal = {Econometrica},
	month = {July},
	number = {4},
	pages = {861-889},
	title = {Single Crossing Properties And The Existence Of Pure Strategy Equilibria In Games Of Incomplete Information},
	volume = {69},
	year = {2001}}

@article{KM97,
	author = {Vijay Krishna and John Morgan},
	date-added = {2016-01-20 09:36:48 +0000},
	date-modified = {2016-01-20 09:37:53 +0000},
	journal = {Journal of Economic Theory},
	month = {February},
	number = {2},
	pages = {343-362},
	title = {An Analysis of the War of Attrition and the All-Pay Auction},
	volume = {72},
	year = {1997}}

@article{AL96,
	author = {Erwin Amann and Wolfgang Leininger},
	date-added = {2016-01-20 09:17:40 +0000},
	date-modified = {2016-01-20 09:28:39 +0000},
	journal = {Games and Economic Behavior},
	month = {May},
	number = {1},
	pages = {1-18},
	title = {Asymmetric All-Pay Auctions with Incomplete Information: The Two-Player Case},
	volume = {14},
	year = {1996}}

@article{WM01,
	author = {Rober M. Weiss and Ajay K. Mehorta},
	date-added = {2015-11-09 06:08:14 +0000},
	date-modified = {2015-11-09 06:08:14 +0000},
	journal = {Virgina Journal of Law and Technology},
	number = {2},
	title = {Online Dynamic Pricing: Efficiency, Equity and the Future of E-commerce},
	volume = {6},
	year = {2001}}

@inproceedings{MG07,
	author = {Miranda Mowbray and Dieter Gollmann},
	booktitle = {Proceedings of the IEEE Symposium on Computer Security Foundations},
	date-added = {2015-08-24 05:15:07 +0000},
	date-modified = {2015-08-24 05:15:07 +0000},
	pages = {295-310},
	title = {Electing the Doge of Venice: Analysis of a 13th century protocol},
	year = {2007}}

@inproceedings{PHG00,
	address = {Austin, Texas},
	author = {David M. Pennock and Eric Horvitz and C. Lee Giles},
	booktitle = {Proceedings of the 17th National Conference on Artificial Intelligence (AAAI)},
	date-added = {2015-07-05 14:07:32 +0000},
	date-modified = {2016-01-22 01:31:02 +0000},
	month = {August},
	pages = {729-734},
	title = {Social Choice Theory and Recommender Systems: Analysis of the Axiomatic Foundations of Collaborative Filtering},
	year = {2000}}

@inproceedings{OCKR01,
	address = {Bonn, Germany},
	author = {Mark O'Connor and Dan Cosley and Joseph A. Konstan and John Riedl},
	booktitle = {Proceedings of the 7th conference on European Conference on Computer Supported Cooperative Work (ECSCW)},
	date-added = {2015-07-05 14:03:03 +0000},
	date-modified = {2015-07-05 14:04:56 +0000},
	month = {September},
	pages = {199-218},
	title = {PolyLens: a recommender system for groups of users},
	year = {2001}}

@article{CF00,
	author = {William W. Cohen and Wei Fan},
	date-added = {2015-06-28 17:09:44 +0000},
	date-modified = {2015-06-28 17:10:42 +0000},
	journal = {Computer Networks},
	month = {June},
	number = {1-6},
	pages = {685-698},
	title = {Web-collaborative filtering: recommending music by crawling the Web},
	volume = {33},
	year = {2000}}

@inproceedings{BCKKRPAS14,
	address = {Paris, France},
	author = {Yoram Bachrach and Sofia Ceppi and Ian A. Kash and Peter Key and Filip Radlinski and Ely Porat and Michael Armstrong and Vijay Sharma},
	booktitle = {Proceedings of the 13th international conference on Autonomous Agents and Multiagent Systems (AAMAS)},
	date-added = {2015-06-28 16:58:12 +0000},
	date-modified = {2016-01-22 01:28:10 +0000},
	month = {May},
	pages = {1631-1632},
	title = {Building a personalized tourist attraction recommender system using crowdsourcing},
	year = {2014}}

@inproceedings{GSOG09,
	address = {Linz, Austria},
	author = {Inma Garcia and Laura Sebastia and Eva Onaindia and Cesar Guzman},
	booktitle = {Proceedings of the 10th International Conference on E-Commerce and Web Technologies (EC-Web)},
	date-added = {2015-06-28 16:55:30 +0000},
	date-modified = {2015-06-28 16:57:25 +0000},
	month = {September},
	pages = {26-37},
	title = {A group recommender system for tourist activities},
	year = {2009}}

@article{Ric02,
	author = {Francesco Ricci},
	date-added = {2015-06-28 16:51:19 +0000},
	date-modified = {2015-06-28 16:52:26 +0000},
	journal = {IEEE Intelligent Systems},
	number = {6},
	pages = {55-57},
	title = {Travel recommender systems},
	volume = {17},
	year = {2002}}

@inproceedings{MALKR03,
	address = {Miami, Florida},
	author = {Bradley N. Miller and Istvan Albert and Shyong K. Lam and Joseph A. Konstan and John Riedl},
	booktitle = {Proceedings of the 8th international conference on Intelligent user interfaces (IUI)},
	date-added = {2015-06-28 16:40:04 +0000},
	date-modified = {2015-06-28 16:46:59 +0000},
	month = {January},
	pages = {263-266},
	title = {MovieLens unplugged: experiences with an occasionally connected recommender system},
	year = {2003}}

@techreport{WR03,
	author = {Jun Wang and Marcel J. T. Reinders},
	date-added = {2015-06-28 16:37:47 +0000},
	date-modified = {2015-06-28 16:39:14 +0000},
	institution = {Delft University of technology},
	number = {ICT-2003-01},
	title = {Music Recommender System for Wi-Fi Walkman},
	type = {ICT Group Technical Report Series},
	year = {2003}}

@article{YGKOO08,
	author = {Kazuyoshi Yoshii and Masataka Goto and Kazunori Komatani and Tetsuya Ogata and Hiroshi G. Okuno},
	date-added = {2015-06-28 16:31:35 +0000},
	date-modified = {2015-06-28 16:34:03 +0000},
	journal = {IEEE Transactions on Audio, Speech and Language Processing},
	month = {February},
	number = {2},
	pages = {435-447},
	title = {An efficient hybrid music recommender system using an incrementally trainable probabilistic generative model},
	volume = {16},
	year = {2008}}

@article{RV97,
	author = {Paul Resnick and Hal R. Varian},
	date-added = {2015-06-28 16:28:04 +0000},
	date-modified = {2015-06-28 16:29:07 +0000},
	journal = {Communications of the ACM},
	month = {March},
	number = {3},
	pages = {56-58},
	title = {Recommender systems},
	volume = {40},
	year = {1997}}

@inproceedings{BFGKKNP14,
	address = {Foster City, California},
	author = {Yoram Bachrach and Yehuda Finkelstein and Ran Gilad-Bachrach and Liran Katzir and Noam Koenigstein and Nir Nice and Ulrich Paquet},
	booktitle = {Proceedings of the 8th ACM Conference on Recommender systems (RecSys)},
	date-added = {2015-06-28 16:17:41 +0000},
	date-modified = {2015-06-28 16:21:30 +0000},
	month = {October},
	pages = {257-264},
	title = {Speeding up the xbox recommender system using a euclidean transformation for inner-product spaces},
	year = {2014}}

@inproceedings{BH10,
	address = {Los Cabos, Mexico},
	author = {Yoram Bachrach and Ralf Herbrich},
	booktitle = {Proceedings of the 17th International Symposium on String Processing and Informtion Retrieval (SPIRE)},
	date-added = {2015-06-28 16:15:34 +0000},
	date-modified = {2015-06-28 16:16:46 +0000},
	month = {October},
	pages = {25-36},
	title = {Fingerprinting ratings for collaborative filtering---theoretical and empirical analysis},
	year = {2010}}

@inproceedings{BHP09,
	address = {Saariselk{\"a}, Finland},
	author = {Yoram Bachrach and Ralf Herbrich and Ely Porat},
	booktitle = {Proceedings of the 16th International Symposium on String Processing and Informtion Retrieval (SPIRE)},
	date-added = {2015-06-28 16:12:29 +0000},
	date-modified = {2015-06-28 16:14:53 +0000},
	month = {August},
	pages = {344-352},
	title = {Sketching algorithms for approximating rank correlations in collaborative filtering systems},
	year = {2009}}

@misc{Maj09,
	author = {Rangan Majumder},
	date-added = {2015-06-28 16:07:17 +0000},
	date-modified = {2015-06-28 16:09:02 +0000},
	howpublished = {US Patent 7,624,095},
	month = {November},
	title = {Fast collaborative filtering through sketch function based approximations},
	year = {2009}}

@inproceedings{YZLG09,
	address = {Boston, Massachusetts},
	author = {Kai Yu and Shenghuo Zhu and John Lafferty and Yihong Gong},
	booktitle = {Proceedings of the 32nd international ACM conference on Research and development in information retrieval (SIGIR)},
	date-added = {2015-06-28 16:03:45 +0000},
	date-modified = {2015-06-28 17:13:01 +0000},
	month = {July},
	pages = {211-218},
	title = {Fast nonparametric matrix factorization for large-scale collaborative filtering},
	year = {2009}}

@inproceedings{ZPJ13,
	address = {St. Paul, Minnesota},
	author = {Yair Zick and Maria Polukarov and Nicholas R. Jennings},
	booktitle = {Proceedings of the 12th International Coference on Autonomous Agents and Multiagent Systems (AAMAS)},
	date-added = {2015-06-28 15:53:12 +0000},
	date-modified = {2015-06-28 15:54:08 +0000},
	month = {May},
	pages = {523-530},
	title = {Taxation and stability in cooperative games},
	year = {2013}}

@inproceedings{RR11,
	address = {Piscataway, New Jersey},
	author = {Anja Rey and J{\"o}rg Rothe},
	booktitle = {Proceedings of the 2nd International Conference on Algorithmic Decision Theory (ADT)},
	date-added = {2015-06-28 15:49:27 +0000},
	date-modified = {2015-06-28 15:52:44 +0000},
	month = {October},
	pages = {247-261},
	title = {Bribery in path-disruption games},
	year = {2011}}

@inproceedings{YCSOI05,
	address = {Pittsburgh, Pennsylvania},
	author = {Makoto Yokoo and Vincent Conitzer and Tuomas Sandholm and Naoki Ohta and Atsushi Iwasaki},
	booktitle = {Proceedings of the 20th National Conference on Artificial Intelligence (AAAI)},
	date-added = {2015-06-28 15:44:24 +0000},
	date-modified = {2015-06-28 15:48:01 +0000},
	month = {July},
	pages = {509-514},
	title = {Coalitional games in open anonymous environments},
	volume = {2},
	year = {2005}}

@inproceedings{BKS12,
	address = {Liverpool, Great Britain},
	author = {Yoram Bachrach and Ian A. Kash and Nisarg Shah},
	booktitle = {Proceedings of the 8th Workshop on Internet and Network Economics (WINE)},
	date-added = {2015-06-28 15:36:59 +0000},
	date-modified = {2015-06-28 16:58:46 +0000},
	month = {December},
	pages = {15-29},
	title = {Agent failures in totally balanced games and convex games},
	year = {2012}}

@inproceedings{BS13,
	address = {Aachen, Germany},
	author = {Yoram Bachrach and Nisarg Shah},
	booktitle = {Proceedings of the 6th International Symposium on Algorithmic Game Theory (SAGT)},
	date-added = {2015-06-28 15:35:03 +0000},
	date-modified = {2015-06-28 15:35:58 +0000},
	month = {October},
	pages = {38-49},
	title = {Reliability weighted voting games},
	year = {2013}}

@inproceedings{BMFT11,
	address = {Barcelona, Spain},
	author = {Yoram Bachrach and Reshef Meir and Michal Feldman and Moshe Tennenholtz},
	booktitle = {Proceedings of the 28th Conference in Uncertainty in Artificial Intelligence (UAI)},
	date-added = {2015-06-28 15:28:24 +0000},
	date-modified = {2015-06-28 15:33:56 +0000},
	month = {July},
	pages = {27-34},
	title = {Solving cooperative reliability games},
	year = {2011}}

@article{FKM06,
	author = {Katsushige Fujimoto and Ivan Kojadinovic and Jean-Luc Marichal},
	date-added = {2015-06-28 15:26:18 +0000},
	date-modified = {2015-06-28 15:27:29 +0000},
	journal = {Games and Economic Behavior},
	month = {April},
	number = {1},
	pages = {72-99},
	title = {Axiomatic characterizations of probabilistic and cardinal-probabilistic interaction indices},
	volume = {55},
	year = {2006}}

@inproceedings{EKLW11,
	address = {Taipei, Taiwan},
	author = {Ulle Endriss and Sarit Kraus and J{\'e}r{\^o}me Lang and Michael Wooldridge},
	booktitle = {Proceedings of the 10th International Conference on Autonomous Agents and Multiagent Systems (AAMAS)},
	date-added = {2015-06-28 15:24:17 +0000},
	date-modified = {2016-01-18 04:44:24 +0000},
	month = {May},
	pages = {79-86},
	title = {Designing incentives for {B}oolean games},
	volume = {1},
	year = {2011}}

@inproceedings{DHKW08,
	address = {Estoril, Portugal},
	author = {Paul E. Dunne and Wiebe van der Hoek and Sarit Kraus and Michael Wooldridge},
	booktitle = {Proceedings of the 7th international joint conference on Autonomous Agents and Multiagent Systems (AAMAS)},
	date-added = {2015-06-28 15:21:12 +0000},
	date-modified = {2016-01-22 01:28:31 +0000},
	month = {May},
	pages = {1015-1022},
	title = {Cooperative {B}oolean games},
	volume = {2},
	year = {2008}}

@article{BZK11,
	author = {Yoram Bachrach and Morteza Zadimoghaddam and Peter Key},
	date-added = {2015-06-28 15:09:44 +0000},
	date-modified = {2015-06-28 15:10:48 +0000},
	journal = {ACM SIGecom Exchanges},
	month = {March},
	number = {1},
	pages = {17-22},
	title = {A cooperative approach to collusion in auctions},
	volume = {10},
	year = {2011}}

@inproceedings{Bac10,
	address = {Toronto, Canada},
	author = {Yoram Bachrach},
	booktitle = {Proceedings of the 9th International Conference on Autonomous Agents and Multiagent Systems (AAMAS)},
	date-added = {2015-06-28 15:05:35 +0000},
	date-modified = {2015-06-28 15:06:47 +0000},
	month = {May},
	pages = {617-624},
	title = {Honor among thieves: collusion in multi-unit auctions},
	volume = {1},
	year = {2010}}

@article{MVDPBC15,
	author = {L{\'a}zl{\'o} Monostori and Paul Valckenaers and Alexandre Dolgui and Herv{\'e} Panetto and Mietek Brdys and Bal{\'a}zs Csan{\'a}d Cs{\'a}ji},
	date-added = {2015-06-28 14:38:18 +0000},
	date-modified = {2015-06-28 14:41:49 +0000},
	journal = {Annual Reviews in Control},
	pages = {12-29},
	title = {Cooperative control in production and logistics},
	volume = {39},
	year = {2015}}

@article{XZFQ15,
	author = {Jian Xue and Laijun Zhao and Longzhen Fan and Ying Qian},
	date-added = {2015-06-28 14:36:13 +0000},
	date-modified = {2015-06-28 14:37:42 +0000},
	journal = {Journal of the Air \& Waste Management Association},
	month = {July},
	number = {7},
	pages = {818-827},
	title = {An inter-provincial cooperative game model for air pollution control in China},
	volume = {65},
	year = {2015}}

@inproceedings{BSS14,
	address = {Paris, France},
	author = {Yoram Bachrach and Rahul Savani and Nisarg Shah},
	booktitle = {Proceedings of the 13th International Joint Conference on Autonomous Agents and Multiagent Systems (AAMAS)},
	date-added = {2015-06-28 14:34:01 +0000},
	date-modified = {2015-06-28 14:35:31 +0000},
	month = {May},
	pages = {29-36},
	title = {Cooperative max games and agent failures},
	year = {2014}}

@inproceedings{BKK11,
	address = {Taipei, Taiwan},
	author = {Yoram Bachrach and Pushmeet Kohli and Vladimir Kolmogorov},
	booktitle = {Proceedings of the 10th International Conference on Autonomous Agents and Multiagent Systems (AAMAS)},
	date-added = {2015-06-28 14:32:45 +0000},
	date-modified = {2015-06-28 14:33:34 +0000},
	month = {May},
	pages = {1197-1198},
	title = {Team coverage games},
	volume = {3},
	year = {2011}}

@inproceedings{BPJ10,
	address = {Palo Alto, California},
	author = {Yoram Bachrach and Maria Polukarov and Nicholas R. Jennings},
	booktitle = {Proceedings of the 6th Workshop on Internet and Network Economics (WINE)},
	date-added = {2015-06-28 14:31:09 +0000},
	date-modified = {2015-06-28 14:32:16 +0000},
	month = {June},
	pages = {432-443},
	title = {The good, the bad and the cautious: safety level cooperative games},
	year = {2010}}

@article{BZR09,
	author = {Yoram Bachrach and Michael Zuckerman and Jeffrey S. Rosenschein},
	date-added = {2015-06-28 14:29:13 +0000},
	date-modified = {2015-06-28 14:29:50 +0000},
	journal = {Mathematical Logic Quarterly},
	number = {4},
	pages = {377-396},
	title = {Effort Games and the Price of Myopia},
	volume = {55},
	year = {2009}}

@article{Alo02,
	author = {John A. Aloysius},
	date-added = {2015-06-28 14:27:29 +0000},
	date-modified = {2015-06-28 14:28:07 +0000},
	journal = {European Journal of Operational Research},
	month = {February},
	number = {3},
	pages = {591-602},
	title = {Research joint ventures: A cooperative game for competitors},
	volume = {136},
	year = {2002}}

@article{KB00,
	author = {Lech Kru{\'s} and Piotr Bronisz},
	date-added = {2015-06-28 14:25:56 +0000},
	date-modified = {2015-06-28 14:26:46 +0000},
	journal = {European Journal of Operational Research},
	month = {April},
	number = {2},
	pages = {258-271},
	title = {Cooperative game solution concepts to a cost allocation problem},
	volume = {122},
	year = {2000}}

@article{ZWCYH10,
	author = {Yingxue Zhao and Shouyang Wang and T.C. Edwin Cheng and Xiaoqi Yang and Zhimin Huang},
	date-added = {2015-06-28 14:16:29 +0000},
	date-modified = {2015-06-28 14:19:11 +0000},
	journal = {European Journal of Operational Research},
	month = {December},
	number = {2},
	pages = {668-675},
	title = {Coordination of supply chains by option contracts: A cooperative game theory approach},
	volume = {207},
	year = {2010}}

@inproceedings{BBK14,
	address = {Paris, France},
	author = {Gideon Blocq and Yoram Bachrach and Peter Key},
	booktitle = {Proceedings of the 13th international conference on Autonomous Agents and Multiagent Systems (AAMAS)},
	date-added = {2015-06-28 14:13:19 +0000},
	date-modified = {2016-01-22 01:29:18 +0000},
	month = {May},
	pages = {605-612},
	title = {The shared assignment game and applications to pricing in cloud computing},
	year = {2014}}

@inproceedings{NVK11,
	address = {Newport Beach, California},
	author = {Dusit Niyato and Athanasios V. Vasilakos and Zhu Kun},
	booktitle = {Proceedings of the 11th IEEE/ACM International Symposium on Cluster, Cloud and Grid Computing (CCGrid)},
	date-added = {2015-06-28 14:10:25 +0000},
	date-modified = {2015-06-28 14:12:50 +0000},
	month = {May},
	pages = {215-224},
	title = {Resource and Revenue Sharing with Coalition Formation of Cloud Providers: Game Theoretic Approach},
	year = {2011}}

@techreport{PDP06,
	author = {Irene Parrachino and Ariel Dinar and Fioravante Patrone},
	date-added = {2015-06-28 14:04:49 +0000},
	date-modified = {2015-06-28 14:08:40 +0000},
	institution = {World Bank},
	month = {December},
	number = {4074},
	title = {Cooperative game theory and its application to natural, environmental, and water resource issues: 3. application to water resources},
	type = {Policy Research Working Papers},
	year = {2006}}

@article{DRY92,
	author = {Ariel Dinar and Aharon Ratner and Dan Yaron},
	date-added = {2015-06-28 14:02:48 +0000},
	date-modified = {2015-06-28 14:03:50 +0000},
	journal = {Theory and Decision},
	number = {1},
	pages = {1-20},
	title = {Evaluating cooperative game theory in water resources},
	volume = {32},
	year = {1992}}

@article{SP02,
	author = {Dong-Wook Song and Photis M. Panayides},
	date-added = {2015-06-28 13:59:37 +0000},
	date-modified = {2015-06-28 17:13:35 +0000},
	journal = {Maritime Policy \& Management},
	number = {3},
	pages = {285-301},
	title = {A conceptual application of cooperative game theory to liner shipping strategic alliances},
	volume = {29},
	year = {2002}}

@inproceedings{WWBMR09,
	address = {Vancouver, Canada},
	author = {Jacob Whitehill and Ting-fan Wu and Jacob Bergsma and Javier R. Movellan and Paul L. Ruvolo},
	booktitle = {Proceedings of the 23rd Annual Conference on Neural Information Processing Systems (NIPS)},
	date-added = {2015-06-28 13:42:36 +0000},
	date-modified = {2015-06-28 13:44:44 +0000},
	month = {December},
	pages = {2035-2043},
	title = {Whose Vote Should Count More: Optimal Integration of Labels from Labelers of Unknown Expertise},
	year = {2009},
	bdsk-url-1 = {http://papers.nips.cc/paper/3644-whose-vote-should-count-more-optimal-integration-of-labels-from-labelers-of-unknown-expertise.pdf}}

@inproceedings{BGKKG12,
	address = {Valencia, Spain},
	author = {Yoram Bachrach and Thore Graepel and Gjergji Kasneci and Michal Kosinski and Jurgen Van Gael},
	booktitle = {Proceedings of the 11th International Conference on Autonomous Agents and Multiagent Systems (AAMAS)},
	date-added = {2015-06-28 13:32:50 +0000},
	date-modified = {2015-06-28 13:35:12 +0000},
	month = {May},
	pages = {535-542},
	title = {Crowd IQ: aggregating opinions to boost performance},
	volume = {1},
	year = {2012}}

@article{BZWR13,
	author = {Yoram Bachrach and Michael Zuckerman and Michael Wooldridge and Jeffrey S. Rosenschein},
	date-added = {2015-06-28 13:29:01 +0000},
	date-modified = {2015-06-28 13:31:47 +0000},
	journal = {Annals of Mathematics and Artificial Intelligence},
	month = {January},
	number = {1},
	pages = {1-30},
	title = {Proof systems and transformation games},
	volume = {67},
	year = {2013}}

@inproceedings{LBSZR15,
	address = {Istanbul, Turkey},
	author = {Yoad Lewenberg and Yoram Bachrach and Yonatan Sompolinsky and Aviv Zohar and Jeffrey S. Rosenschein},
	booktitle = {Proceedings of the 14th International Joint Conference on Autonomous Agents and Multiagent Systems (AAMAS)},
	date-added = {2015-06-28 13:25:47 +0000},
	date-modified = {2015-06-28 13:27:58 +0000},
	month = {May},
	pages = {919-927},
	title = {Bitcoin Mining Pools: A Cooperative Game Theoretic Analysis},
	year = {2015}}

@article{ABCS14,
	author = {Robleh Ali and John Barrdear and Roger Clews and James Southgate},
	date-added = {2015-06-28 13:22:33 +0000},
	date-modified = {2015-06-28 13:25:17 +0000},
	journal = {Bank of England Quarterly Bulletin 2014 Q3},
	month = {September},
	title = {Innovations in payment technologies and the emergence of digital currencies},
	year = {2014}}

@inproceedings{LL15,
	address = {Hollywood, Florida},
	author = {Ramoni O. Lasisi and Abibat A. Lasisi},
	booktitle = {Proceedings of the 28th International Florida Artificial Intelligence Research Society (FLAIRS)},
	date-added = {2015-06-28 13:17:33 +0000},
	date-modified = {2016-01-18 04:45:27 +0000},
	month = {May},
	pages = {55-60},
	title = {The {S}hapley Value in Voting Games: Computing Single Large Party's Power and Bounds for Manipulation by Merging},
	year = {2015}}

@article{ZFBE12,
	author = {Michael Zuckerman and Piotr Faliszewski and Yoram Bachrach and Edith Elkind},
	date-added = {2015-06-28 13:08:10 +0000},
	date-modified = {2015-06-28 13:09:27 +0000},
	journal = {Artificial Intelligence},
	month = {April},
	pages = {1-19},
	title = {Manipulating the quota in weighted voting games},
	volume = {180-181},
	year = {2012}}

@article{ABEP11,
	author = {Haris Aziz and Yoram Bachrach and Edith Elkind and Mike Paterson},
	date-added = {2015-06-28 13:06:37 +0000},
	date-modified = {2015-06-28 13:07:26 +0000},
	journal = {Journal of Artificial Intelligence Research},
	month = {January},
	pages = {57-93},
	title = {False-name manipulations in weighted voting games},
	volume = {40},
	year = {2011}}

@inproceedings{BEF11,
	address = {Barcelona, Spain},
	author = {Yoram Bachrach and Edith Elkind and Piotr Faliszewski},
	booktitle = {Proceedings of the 22nd International Joint Conference on Artificial Intelligence (IJCAI)},
	date-added = {2015-06-28 12:58:57 +0000},
	date-modified = {2016-01-22 01:31:35 +0000},
	month = {July},
	pages = {49-54},
	title = {Coalitional voting manipulation: A game-theoretic perspective},
	year = {2011}}

@article{HZ14,
	author = {Nicolas Houya and William S. Zwicker},
	date-added = {2015-06-28 12:56:39 +0000},
	date-modified = {2015-06-28 12:57:30 +0000},
	journal = {Games and Economic Behavior},
	month = {March},
	pages = {7-16},
	title = {The geometry of voting power: weighted voting and hyper-ellipsoids},
	volume = {84},
	year = {2014}}

@inproceedings{SBK14,
	address = {Paris, France},
	author = {Abigail See and Yoram Bachrach and Pushmeet Kohli},
	booktitle = {Proceedings of the 13th international conference on Autonomous Agents and Multiagent Systems (AAMAS)},
	date-added = {2015-06-28 12:54:11 +0000},
	date-modified = {2016-01-22 01:29:04 +0000},
	month = {May},
	pages = {37-44},
	title = {The cost of principles: analyzing power in compatibility weighted voting games},
	year = {2014}}

@inproceedings{ZKE11,
	address = {Barcelona, Spain},
	author = {Yair Zick and Alexander Skopalik and Edith Elkind},
	booktitle = {Proceedings of the 22nd International Joint Conference on Artificial Intelligence (IJCAI)},
	date-added = {2015-06-28 12:51:40 +0000},
	date-modified = {2016-01-22 01:31:54 +0000},
	month = {July},
	pages = {490-95},
	title = {The {S}hapley value as a function of the quota in weighted voting games},
	volume = {1},
	year = {2011}}

@article{BMRPRS10,
	author = {Yoram Bachrach and Evangelos Markakis and Ezra Resnick and Ariel D. Procaccia and Jeffrey S. Rosenschein and Amin Saberi},
	date-added = {2015-06-28 12:49:20 +0000},
	date-modified = {2015-06-28 12:50:56 +0000},
	journal = {Journal of Autonomous Agents and Multi-Agent Systems},
	month = {March},
	number = {2},
	pages = {105-122},
	title = {Approximating power indices: theoretical and empirical analysis},
	volume = {20},
	year = {2010}}

@article{Wid94,
	author = {Mika Widgr{\'e}n},
	date-added = {2015-06-28 12:46:24 +0000},
	date-modified = {2016-01-18 05:01:38 +0000},
	journal = {European Economic Review},
	month = {May},
	number = {5},
	pages = {1153-1170},
	title = {Voting power in the {EC} decision making and the consequences of two different enlargements},
	volume = {38},
	year = {1994}}

@article{SS54,
	author = {Lloyd S. Shapley and Martin Shubik},
	date-added = {2015-06-28 12:44:26 +0000},
	date-modified = {2015-06-28 12:45:24 +0000},
	journal = {The American Political Science Review},
	month = {September},
	number = {3},
	pages = {787-792},
	title = {A Method for Evaluating the Distribution of Power in a Committee System},
	volume = {48},
	year = {1954}}

@inproceedings{BKP11,
	address = {Taipei, Taiwan},
	author = {Yoram Bachrach and Pushmeet Kohli and Thore Graepel},
	booktitle = {Proceedings of the 10th International Conference on Autonomous Agents and Multiagent Systems (AAMAS)},
	date-added = {2015-06-28 12:38:22 +0000},
	date-modified = {2015-06-28 12:40:21 +0000},
	month = {May},
	pages = {1179-1180},
	title = {Rip-off: playing the cooperative negotiation game},
	volume = {3},
	year = {2011}}

@incollection{Tho94,
	author = {William Thomson},
	booktitle = {Handbook of Game Theory with Economic Applications},
	date-added = {2015-06-28 12:32:08 +0000},
	date-modified = {2015-06-28 12:37:07 +0000},
	editor = {Robert J. Aumann and Sergiu Hart},
	publisher = {Elsevier},
	title = {Cooperative models of bargaining},
	volume = {2},
	year = {1994}}

@article{NG83,
	author = {Scott A. Neslin and Leonard Greenhalgh},
	date-added = {2015-06-28 12:30:50 +0000},
	date-modified = {2015-06-28 12:31:58 +0000},
	journal = {Journal of Marketing Research},
	month = {November},
	number = {4},
	pages = {368-379},
	title = {Nash's Theory of Cooperative Games as a Predictor of the Outcomes of Buyer-Seller Negotiations: An Experiment in Media Purchasing},
	volume = {20},
	year = {1983}}

@inproceedings{BKZ10,
	address = {Palo Alto, California},
	author = {Yoram Bachrach and Peter Key and Morteza Zadimoghaddam},
	booktitle = {Proceedings of the 6th international conference on Internet and network economics (WINE)},
	date-added = {2015-06-27 22:49:07 +0000},
	date-modified = {2016-01-18 04:42:51 +0000},
	month = {December},
	pages = {38-49},
	title = {Collusion in {VCG} path procurement auctions},
	year = {2010}}

@inproceedings{SPX12,
	address = {Lake Tahoe, Nevada},
	author = {Hossein Azari Soufiani and David C. Parkes and Lirong Xia},
	booktitle = {Proceedings of the 26th Conference on Neural Information Processing Systems (NIPS)},
	date-added = {2015-06-23 19:11:24 +0000},
	date-modified = {2015-07-05 14:22:13 +0000},
	month = {December},
	pages = {126-134},
	title = {Preference Elicitation For General Random Utility Models},
	year = {2012}}

@inproceedings{HG09,
	address = {Vancouver, Canada},
	author = {Jonathan Huang and Carlos Guestrin},
	booktitle = {Proceedings of the 23rd Annual Conference on Neural Information Processing Systems (NIPS)},
	date-added = {2015-06-23 19:11:11 +0000},
	date-modified = {2015-07-05 14:22:38 +0000},
	month = {December},
	title = {Riffled Independence for Ranked Data},
	year = {2009}}

@article{Spr91,
	author = {Yves Sprumont},
	date-added = {2015-06-23 19:11:02 +0000},
	date-modified = {2015-06-23 19:11:02 +0000},
	journal = {Econometrica},
	month = {March},
	number = {2},
	pages = {509-519},
	title = {The Division Problem with Single-Peaked Preferences: A Characterization of the Uniform Allocation Rule},
	volume = {59},
	year = {1991}}

@book{Ked14,
	author = {Orit Kedar},
	date-added = {2015-06-23 19:10:50 +0000},
	date-modified = {2015-06-23 19:10:50 +0000},
	month = {January},
	publisher = {Cambridge University Press},
	series = {Cambridge Studies in Comparative Politics},
	title = {Voting for Policy, Not Parties},
	year = {2014}}

@article{Nur92,
	author = {Hannu Nurmi},
	date-added = {2015-06-23 18:31:58 +0000},
	date-modified = {2015-06-23 18:32:56 +0000},
	journal = {Public Choice},
	month = {June},
	number = {4},
	pages = {459-487},
	title = {An assessment of voting system simulations},
	volume = {73},
	year = {1992}}

@inproceedings{OLMZR15b,
	address = {Lexington, Kentucky},
	author = {Svetlana Obraztsova and Omer Lev and Vangelis Markakis and Zinovi Rabinovich and Jeffrey S. Rosenschein},
	booktitle = {Proceedings of the 4th International Conference on Algorithmic Decision Theory (ADT)},
	date-added = {2015-06-23 14:40:41 +0000},
	date-modified = {2016-04-03 22:47:33 +0000},
	month = {September},
	pages = {451-468},
	title = {Beyond Plurality: Truth-Bias in Binary Scoring Rules},
	url = {http://www.cs.toronto.edu/~omerl/papers/adt15.pdf},
	year = {2015},
	bdsk-url-1 = {http://www.cs.toronto.edu/~omerl/papers/adt15.pdf}}

@article{TNS82,
	author = {K. Takamizawa and Takao Nishizeki and Nobuji Saito},
	date-added = {2015-06-23 01:19:20 +0000},
	date-modified = {2015-06-23 01:22:04 +0000},
	journal = {Journal of the ACM},
	month = {July},
	number = {3},
	pages = {623-641},
	title = {Linear-time computability of combinatorial problems on series-parallel graphs},
	volume = {29},
	year = {1982}}

@article{Duf65,
	author = {Richard James Duffin},
	date-added = {2015-06-23 01:13:28 +0000},
	date-modified = {2015-06-23 01:18:40 +0000},
	journal = {Journal of Mathematical Analysis and Applications},
	month = {April},
	number = {2},
	pages = {303-318},
	title = {Topology of series-parallel networks},
	volume = {10},
	year = {1965}}

@book{Fle00,
	author = {Robert Fletcher},
	date-added = {2015-06-23 00:26:17 +0000},
	date-modified = {2015-06-23 00:30:09 +0000},
	publisher = {Wiley},
	title = {Practical methods of optimization},
	year = {2000}}

@article{LS00,
	author = {Kate Larson and Tuomas Sandholm},
	date-added = {2015-06-22 01:54:17 +0000},
	date-modified = {2015-06-22 01:56:08 +0000},
	journal = {Journal of Experimental and Theoretical AI},
	number = {1},
	pages = {23-42},
	title = {Anytime coalition structure generation: average case study},
	volume = {12},
	year = {2000}}

@article{Yun86,
	author = {Yun Yeh, D.},
	date-added = {2015-06-22 01:50:56 +0000},
	date-modified = {2015-06-22 01:53:31 +0000},
	journal = {BIT Numerical Mathematics},
	number = {4},
	pages = {467-474},
	title = {A dynamic programming approach to the complete set partitioning problem},
	volume = {26},
	year = {1986}}

@inproceedings{GMPS11,
	address = {Barcelona, Spain},
	author = {Gianluigi Greco and Enrico Malizia and Luigi Palopoli and Francesco Scarcello},
	booktitle = {Proceedings of the 22nd International Joint Conference on Artificial Intelligence (IJCAI)},
	date-added = {2015-06-22 01:48:42 +0000},
	date-modified = {2015-06-22 01:50:35 +0000},
	month = {July},
	pages = {216-221},
	title = {On the complexity of the core over coalition structures},
	year = {2011}}

@inproceedings{BKKZ13,
	address = {Bellevue, Washington},
	author = {Yoram Bachrach and Pushmeet Kohli and Vladimir Kolmogorov and Morteza Zadimoghaddam},
	booktitle = {Proceedings of the 27th National Conference on Artificial Intelligence (AAAI)},
	date-added = {2015-06-22 01:44:43 +0000},
	date-modified = {2015-06-22 01:47:16 +0000},
	month = {July},
	pages = {81-87},
	title = {Optimal Coalition Structures in Cooperative Graph Games},
	year = {2013}}

@inproceedings{SA10,
	address = {Atlanta, Georgia},
	author = {Travis C. Service and Julie A. Adams},
	booktitle = {Proceedings of the 24th National Conference on Artificial Intelligence (AAAI)},
	date-added = {2015-06-22 01:42:41 +0000},
	date-modified = {2015-06-22 01:44:17 +0000},
	month = {July},
	pages = {854-859},
	title = {Approximate Coalition Structure Generation},
	year = {2010}}

@inproceedings{RR08,
	address = {Estoril, Portugal},
	author = {Talal Rahwan and Nicholas R. Jennings},
	booktitle = {Proceedings of the 7th International Joint Conference on Autonomous Agents and Multiagent Systems (AAMAS)},
	date-added = {2015-06-22 01:40:34 +0000},
	date-modified = {2015-07-05 14:27:48 +0000},
	month = {May},
	pages = {1417-1420},
	title = {An improved dynamic programming algorithm for coalition structure generation},
	volume = {3},
	year = {2008}}

@article{SLAST99,
	author = {Tuomas Sandholm and Kate Larson and Martin Andersson and Onn Shehory and Fernando Tohm{\'e}},
	date-added = {2015-06-22 01:38:36 +0000},
	date-modified = {2015-06-22 01:40:08 +0000},
	journal = {Artificial Intelligence},
	month = {July},
	number = {1-2},
	pages = {209-238},
	title = {Coalition structure generation with worst case guarantees},
	volume = {111},
	year = {1999}}

@article{SK98,
	author = {Onn Shehory and Sarit Kraus},
	date-added = {2015-06-22 01:37:08 +0000},
	date-modified = {2015-06-22 01:37:55 +0000},
	journal = {Artificial Intelligence},
	month = {May},
	number = {1-2},
	pages = {165-200},
	title = {Methods for Task Allocation via Agent Coalition Formation},
	volume = {101},
	year = {1998}}

@inproceedings{MBR10,
	address = {Athens, Greece},
	author = {Reshef Meir and Yoram Bachrach and Jeffrey S. Rosenschein},
	booktitle = {Proceedings of the 3rd International Symposium on Algorithmic Game Theory (SAGT)},
	date-added = {2015-06-22 01:31:13 +0000},
	date-modified = {2015-06-22 01:33:10 +0000},
	month = {October},
	pages = {347-358},
	title = {Minimal subsidies in expense sharing games},
	year = {2010}}

@article{SS66,
	author = {Lloyd S. Shapley and Martin Shubik},
	date-added = {2015-06-22 01:29:35 +0000},
	date-modified = {2015-06-22 01:30:28 +0000},
	journal = {Econometrica},
	month = {October},
	number = {4},
	pages = {805--827},
	title = {Quasi-cores in a monetary economy with nonconvex preferences},
	volume = {34},
	year = {1966}}

@phdthesis{Gil53,
	author = {Donald Bruce Gillies},
	date-added = {2015-06-22 01:27:56 +0000},
	date-modified = {2015-06-22 01:29:13 +0000},
	school = {Princeton University},
	title = {Some Theorems on n-Person Games},
	year = {1953}}

@inproceedings{BMZRR09,
	address = {Budapest, Hungary},
	author = {Yoram Bachrach and Reshef Meir and Michael Zuckerman and J{\"o}rg Rothe and Jeffrey S. Rosenschein},
	booktitle = {Proceedings of The 8th International Conference on Autonomous Agents and Multiagent Systems (AAMAS)},
	date-added = {2015-06-22 01:20:03 +0000},
	date-modified = {2015-06-22 01:23:31 +0000},
	month = {May},
	pages = {1289-1290},
	title = {The cost of stability in weighted voting games},
	volume = {2},
	year = {2009}}

@article{EGGW09b,
	author = {Edith Elkind and Leslie Ann Goldberg and Paul W. Goldberg and Michael Wooldridge},
	date-added = {2015-06-22 01:16:59 +0000},
	date-modified = {2015-06-22 01:19:28 +0000},
	journal = {Annals of Mathematics and Artificial Intelligence},
	number = {2},
	pages = {109-131},
	title = {On the computational complexity of weighted voting games},
	volume = {56},
	year = {2009}}

@inproceedings{ACEFGS11,
	address = {Barcelona, Spain},
	author = {John Augustine and Ning Chen and Edith Elkind and Angelo Fanelli and Nick Gravin and Dmitry Shiryaev},
	booktitle = {Proceedings of the 22nd International Joint Conference on Artificial Intelligence (IJCAI},
	date-added = {2015-06-22 01:13:18 +0000},
	date-modified = {2015-07-05 14:15:32 +0000},
	month = {July},
	pages = {37-42},
	title = {Dynamics of profit-sharing games},
	year = {2011}}

@article{BPR13,
	author = {Yoram Bachrach and Ely Porat and Jeffrey S. Rosenschein},
	date-added = {2015-06-22 01:11:18 +0000},
	date-modified = {2015-06-22 01:12:33 +0000},
	journal = {Journal of Artificial Intelligence Research},
	month = {June},
	pages = {281-311},
	title = {Sharing rewards in cooperative connectivity games},
	volume = {47},
	year = {2013}}

@inproceedings{CRKRR11,
	address = {Taipei, Taiwan},
	author = {Georgios Chalkiadakis and Valentin Robu and Ramachandra Kota and Alex Rogers and Nicholas R. Jennings},
	booktitle = {Proceedings of the 10th International Joint Conference on Autonomous Agents and Multiagent Systems (AAMAS)},
	date-added = {2015-06-22 01:00:44 +0000},
	date-modified = {2015-06-27 23:00:01 +0000},
	month = {May},
	pages = {787-794},
	title = {Cooperatives of distributed energy resources for efficient virtual power plants},
	year = {2011}}

@incollection{CN11,
	author = {Tallichetty S. Chandrashekar and Yadati Narahari},
	booktitle = {Planning Production and Inventories in the Extended Enterprise},
	date-added = {2015-06-22 00:53:23 +0000},
	date-modified = {2015-07-05 14:19:06 +0000},
	pages = {185-206},
	publisher = {Springer},
	series = {International Series in Operations Research \& Management Science},
	title = {Procurement network formation: A cooperative game approach},
	volume = {152},
	year = {2011}}

@inproceedings{BDET10,
	address = {Atlanta, Georgia},
	author = {Ronen I. Brafman and Carmel Domshlak and Yagil Engel and Moshe Tennenholtz},
	booktitle = {Proceedings of the 24th National Conference on Artificial Intelligence (AAAI)},
	date-added = {2015-06-22 00:49:32 +0000},
	date-modified = {2015-06-22 00:53:07 +0000},
	month = {July},
	pages = {709-714},
	title = {Transferable utility planning games},
	year = {2010}}

@inproceedings{ABH10,
	address = {Toronto, Canada},
	author = {Haris Aziz and Felix Brandt and Paul Harrenstein},
	booktitle = {Proceedings of the 9th International Conference on Autonomous Agents and Multiagent Systems (AAMAS)},
	date-added = {2015-06-22 00:47:23 +0000},
	date-modified = {2015-06-22 00:49:01 +0000},
	month = {May},
	pages = {1107--1114},
	title = {Monotone cooperative games and their threshold versions},
	volume = {1},
	year = {2010}}

@inproceedings{ALPS09,
	address = {San Francisco, California},
	author = {Haris Aziz and Oded Lachish and Mike Paterson and Rahul Savani},
	booktitle = {Proceedings of the 5th International Conference on Algorithmic Aspects in Information and Management (AAIM)},
	date-added = {2015-06-22 00:42:34 +0000},
	date-modified = {2015-06-22 01:34:09 +0000},
	month = {June},
	pages = {55-67},
	title = {Power indices in spanning connectivity games},
	year = {2009}}

@article{SS71,
	author = {Lloyd S. Shapley and Martin Shubik},
	date-added = {2015-06-22 00:39:58 +0000},
	date-modified = {2015-06-22 00:41:44 +0000},
	journal = {International Journal of Game Theory},
	number = {1},
	pages = {111-130},
	title = {The assignment game {I}: The core},
	volume = {1},
	year = {1971}}

@book{OR94,
	author = {Martin J. Osborne and Ariel Rubinstein},
	date-added = {2015-06-22 00:37:59 +0000},
	date-modified = {2015-06-22 00:38:55 +0000},
	publisher = {MIT Press},
	title = {A Course in Game Theory},
	year = 1994}

@book{GJ79,
	author = {Michael R. Garey and David S. Johnson},
	date-added = {2015-06-21 17:26:48 +0000},
	date-modified = {2015-06-21 17:26:48 +0000},
	publisher = {W. H. Freeman},
	series = {Series of Books in the Mathematical Sciences},
	title = {Computers and Intractability: A Guide to the Theory of NP-Completeness},
	year = {1979}}

@article{KT84,
	author = {Daniel Kahneman and Amos Tversky},
	date-added = {2015-06-16 01:12:59 +0000},
	date-modified = {2015-06-16 01:14:38 +0000},
	journal = {American Psychologist},
	month = {April},
	number = {4},
	pages = {341-350},
	title = {Choices, values, and frames},
	volume = {39},
	year = {1984}}

@article{Saa90,
	author = {Donald G. Saari},
	date-added = {2015-06-08 21:45:33 +0000},
	date-modified = {2015-06-08 21:46:55 +0000},
	journal = {Public Choice},
	pages = {21-41},
	title = {Susceptibility to manipulation},
	volume = {64},
	year = {1990}}

@inproceedings{MW13,
	address = {Brussels, Belguim},
	author = {Nicholas Mattei and Toby Walsh},
	booktitle = {Proceedings of the 3rd International Conference on Algorithmic Decision Theory (ADT)},
	date-added = {2015-06-08 05:26:30 +0000},
	date-modified = {2015-06-08 05:30:32 +0000},
	month = {November},
	pages = {259-270},
	title = {PrefLib: A Library of Preference Data},
	year = {2013}}

@inproceedings{DLS13,
	address = {Chennai, India},
	author = {Hans van Ditmarsch and J{\'e}r{\^o}me Lang and Abdallah Saffidine},
	booktitle = {Proceedings of the 14th Conference on Theoretical Aspects of Rationality and Knowledge (TARK)},
	date-added = {2015-06-08 03:04:53 +0000},
	date-modified = {2015-06-08 03:10:34 +0000},
	month = {January},
	pages = {196-205},
	title = {Strategic voting and the logic of knowledge},
	year = {2013}}

@inproceedings{RWK12,
	address = {Krak{\`o}w, Poland},
	author = {Reyhaneh Reyhani and Mark C. Wilson and Javad Khazaei},
	booktitle = {Proceedings of COMSOC},
	date-added = {2015-06-08 02:46:34 +0000},
	date-modified = {2015-06-08 02:50:37 +0000},
	month = {September},
	pages = {359-370},
	title = {Coordination via Polling in Plurality Voting Games under Inertia},
	year = {2012}}

@inproceedings{RE12,
	address = {Valencia, Spain},
	author = {Annemieke Reijngoud and Ulle Endriss},
	booktitle = {Proceedings of the 11th International Conference on Autonomous Agents and Multiagent Systems (AAMAS)},
	date-added = {2015-06-08 02:36:21 +0000},
	date-modified = {2015-06-08 02:38:26 +0000},
	month = {June},
	pages = {635-644},
	title = {Voter response to iterated poll information},
	volume = {2},
	year = {2012}}

@book{Rub98,
	author = {Ariel Rubinstein},
	date-added = {2015-06-08 02:27:15 +0000},
	date-modified = {2015-06-08 02:28:44 +0000},
	publisher = {MIT Press},
	title = {Modelling Bounded Rationality},
	year = {1998}}

@inproceedings{nguyen2014regret,
	author = {Nguyen, Thanh Hong and Yadav, Amulya and An, Bo and Tambe, Milind and Boutilier, Craig},
	booktitle = {AAAI},
	pages = {756--762},
	title = {Regret-Based Optimization and Preference Elicitation for Stackelberg Security Games with Uncertainty.},
	year = {2014}}

@inproceedings{hyafil2004regret,
	author = {Hyafil, Nathanael and Boutilier, Craig},
	booktitle = {Proceedings of the 20th conference on Uncertainty in artificial intelligence},
	organization = {AUAI Press},
	pages = {268--277},
	title = {Regret minimizing equilibria and mechanisms for games with strict type uncertainty},
	year = {2004}}

@article{boutilier1994toward,
	author = {Boutilier, Craig},
	journal = {KR},
	pages = {75--86},
	title = {Toward a Logic for Qualitative Decision Theory.},
	volume = {94},
	year = {1994}}

@article{dow1994nash,
	author = {Dow, James and Werlang, S{\'e}rgio Ribeiro da Costa},
	journal = {Journal of Economic Theory},
	number = {2},
	pages = {305--324},
	publisher = {Elsevier},
	title = {Nash equilibrium under Knightian uncertainty: breaking down backward induction},
	volume = {64},
	year = {1994}}

@inproceedings{matt2009dominant,
	author = {Matt, Paul-Amaury and Toni, Francesca and Vaccari, Juan R},
	booktitle = {International Workshop on Argumentation in Multi-Agent Systems},
	organization = {Springer},
	pages = {42--59},
	title = {Dominant decisions by argumentation agents},
	year = {2009}}

@inproceedings{CWX11,
	address = {San Francisco, California},
	author = {Vincent Conitzer and Toby Walsh and Lirong Xia},
	booktitle = {Proceedings of the 25th National Conference on Artificial Intelligence (AAAI)},
	date-added = {2015-06-08 02:06:46 +0000},
	date-modified = {2015-06-08 02:09:36 +0000},
	month = {August},
	pages = {638-643},
	title = {Dominating Manipulations in Voting with Partial Information},
	year = {2011}}

@article{BYFL95,
	author = {Andr{\'e} Blais and Robert Young and Christopher Fleury and Miriam Lapp},
	date-added = {2015-06-08 01:56:44 +0000},
	date-modified = {2015-06-08 01:58:05 +0000},
	journal = {Political Research Quarterly},
	month = {December},
	number = {4},
	pages = {827-836},
	title = {Do People Vote on the Basis of Minimax Regret?},
	volume = {48},
	year = {1995}}

@incollection{Mer82,
	author = {Samuel Merill},
	booktitle = {Power, Voting, and Voting Power},
	date-added = {2015-06-08 01:51:09 +0000},
	date-modified = {2015-06-08 01:54:13 +0000},
	editor = {Manfred J. Holler},
	pages = {179-187},
	publisher = {Physica-Verlag Heidelberg},
	title = {Strategic Voting in Multicandidate Elections under Uncertainty and under Risk},
	year = {1982}}

@book{Far69,
	author = {Robin Farquharson},
	date-added = {2015-06-08 01:47:08 +0000},
	date-modified = {2015-06-08 01:47:43 +0000},
	publisher = {Yale University Press},
	title = {Theory of Voting},
	year = {1969}}

@incollection{Led80,
	author = {John O. Ledyard},
	booktitle = {Essays in Contemporary Fields of Economics},
	date-added = {2015-06-08 01:42:58 +0000},
	date-modified = {2015-06-08 01:45:46 +0000},
	editor = {G. Horwich and J. Quirk},
	pages = {54-80},
	publisher = {Purdue University Press},
	title = {The Paradox of Voting and Candidate Competition: A General Equilibrium Analysis},
	year = {1982}}

@article{FF74,
	author = {John A. Ferejohn and Morris P. Fiorina},
	date-added = {2015-06-08 01:39:56 +0000},
	date-modified = {2015-06-08 01:41:22 +0000},
	journal = {American Political Science Review},
	month = {June},
	pages = {525-536},
	title = {The Paradox of Not Voting: A Decistion Theoretic Analysis},
	volume = {68},
	year = {1974}}

@article{AN00,
	author = {Ramon Michael Alvarez and Jonathan Nagler},
	date-added = {2015-06-08 01:26:41 +0000},
	date-modified = {2015-06-21 21:02:40 +0000},
	journal = {British Journal of Political Science},
	month = {January},
	number = {1},
	pages = {55-75},
	title = {A New Approach for Modelling Strategic Voting in Multiparty Elections},
	volume = {30},
	year = {2000}}

@article{PR83,
	author = {Thomas R. Palfrey and Howard Rosenthal},
	date-added = {2015-06-08 01:13:59 +0000},
	date-modified = {2015-06-08 01:15:03 +0000},
	journal = {Public Choice},
	number = {1},
	pages = {7-53},
	title = {A Strategic Calculus of Voting},
	volume = {41},
	year = {1983}}

@article{SD75,
	author = {Jonathan Silberman and Garey Durden},
	date-added = {2015-06-08 01:09:25 +0000},
	date-modified = {2015-06-08 01:10:46 +0000},
	journal = {Public Choice},
	number = {1},
	pages = {101-108},
	title = {The rational behavior theory of voter participation},
	volume = {23},
	year = {1975}}

@techreport{MP05,
	author = {Matthias Messner and Mattias K. Polborn},
	date-added = {2015-06-08 00:29:48 +0000},
	date-modified = {2015-06-08 00:46:16 +0000},
	institution = {IGIER (Innocenzo Gasparini Institute for Economic Research)},
	month = {April},
	number = {288},
	title = {Robust Political Equilibria under Plurality and Runoff Rule},
	type = {Working Paper},
	year = {2005}}

@article{OG84,
	author = {Guillermo Owen and Bernard Grofman},
	date-added = {2015-06-08 00:08:47 +0000},
	date-modified = {2015-06-08 00:09:57 +0000},
	journal = {Public Choice},
	month = {March},
	number = {3},
	pages = {311-325},
	title = {To Vote or Not to Vote: The Paradox of Nonvoting},
	volume = {42},
	year = {1984}}

@inproceedings{BCMP13,
	address = {Bellevue, Washington},
	author = {Simina Br{\^a}nzei and Ioannis Caragiannis and Jamie Morgenstern and Ariel D. Procaccia},
	booktitle = {Proceedings of the 27th National Conference on Artificial Intelligence (AAAI)},
	date-added = {2015-05-31 02:16:50 +0000},
	date-modified = {2015-05-31 02:21:50 +0000},
	month = {July},
	pages = {138-144},
	title = {How Bad Is Selfish Voting?},
	year = {2013}}

@inproceedings{RW12,
	address = {Montpellier, France},
	author = {Reyhaneh Reyhani and Mark C. Wilson},
	booktitle = {Proceedings of the 20th European Conference on Artificial Intelligence (ECAI)},
	date-added = {2015-05-31 02:11:57 +0000},
	date-modified = {2015-05-31 02:14:52 +0000},
	month = {June},
	pages = {672-677},
	title = {Best-reply dynamics for scoring rules},
	volume = {2},
	year = {2012}}

@article{JCSR02,
	author = {Eric J. Johnson and Colin Camerer and Sankar Sen and Talia Rymon},
	date-added = {2015-05-31 01:42:39 +0000},
	date-modified = {2015-05-31 01:43:52 +0000},
	journal = {Journal of Economic Theory},
	month = {May},
	number = {1},
	pages = {16-47},
	title = {Detecting Failures of Backward Induction: Monitoring Information Search in Sequential Bargaining},
	volume = {104},
	year = {2002}}

@article{DP00,
	author = {Eddie Dekel and Michele Piccione},
	date-added = {2015-05-31 01:38:59 +0000},
	date-modified = {2015-05-31 01:39:53 +0000},
	journal = {Journal of Political Economy},
	month = {February},
	number = {1},
	pages = {34-55},
	title = {Sequential Voting Procedures in Symmetric Binary Elections},
	volume = {108},
	year = {2000}}

@article{MN78,
	author = {Richard D. McKelvey and Richard G. Niemi},
	date-added = {2015-05-31 01:35:51 +0000},
	date-modified = {2015-05-31 01:37:47 +0000},
	journal = {Journal of Economic Theory},
	month = {June},
	number = {1},
	pages = {1-22},
	title = {A Multistage Game Representation of Sophisticated Voting for Binary Procedures},
	volume = {18},
	year = {1978}}

@article{Slo93,
	author = {Birgitte Sloth},
	date-added = {2015-05-31 01:32:21 +0000},
	date-modified = {2015-05-31 01:38:09 +0000},
	journal = {Games and Economic Behavior},
	month = {January},
	number = {1},
	pages = {152-169},
	title = {The Theory of Voting and Equilibria in Noncooperative Games},
	volume = {5},
	year = {1993}}

@article{Ros73,
	author = {Robert W. Rosenthal},
	date-added = {2015-05-19 17:30:26 +0000},
	date-modified = {2015-05-19 17:31:35 +0000},
	journal = {International Journal of Game Theory},
	number = {1},
	pages = {65-67},
	title = {A class of games possessing pure-strategy Nash equilibria},
	volume = {2},
	year = {1973}}

@inproceedings{JL10,
	author = {Albert Xin Jiang and Kevin Leyton-Brown},
	booktitle = {Proceedings of the 24th Conference on Neural Information Processing Systems (NIPS)},
	date-added = {2015-05-18 22:43:54 +0000},
	date-modified = {2015-05-18 22:44:01 +0000},
	title = {Bayesian {Action-Graph Games}},
	year = {2010}}

@inproceedings{OMPRJ15,
	address = {Austin, Texas},
	author = {Svetlana Obraztsova and Evangelos Markakis and Maria Polukarov and Zinovi Rabinovich and Nicholas R. Jennings},
	booktitle = {Proceedings of the 29th Conference on Artificial Intelligence (AAAI)},
	date-added = {2015-05-18 01:47:10 +0000},
	date-modified = {2016-01-22 01:30:12 +0000},
	month = {January},
	pages = {993-999},
	title = {On the Convergence of Iterative Voting: How Restrictive Should Restricted Dynamics Be?},
	year = {2015}}

@inproceedings{Mei15,
	address = {Austin, Texas},
	author = {Reshef Meir},
	booktitle = {Proceedings of the 29th Conference on Artificial Intelligence (AAAI)},
	date-added = {2015-05-18 01:45:04 +0000},
	date-modified = {2016-01-22 01:30:20 +0000},
	month = {January},
	pages = {2103-2109},
	title = {Plurality Voting under Uncertainty},
	year = {2015}}

@article{brams1978approval,
	author = {Brams, Steven J and Fishburn, Peter C},
	journal = {American Political Science Review},
	number = {3},
	pages = {831--847},
	publisher = {Cambridge University Press},
	title = {Approval voting},
	volume = {72},
	year = {1978}}

@article{Fis74,
	author = {Peter C. Fishburn},
	date-added = {2015-05-18 00:07:55 +0000},
	date-modified = {2015-05-18 00:10:03 +0000},
	journal = {American Political Science Review},
	month = {June},
	number = {2},
	pages = {537-546},
	title = {Paradoxes of Voting},
	volume = {68},
	year = {1974}}

@inproceedings{SS01,
	address = {Dublin, Ireland},
	author = {Rashmi R. Sinha and Kirsten Swearingen},
	booktitle = {Proceedings of the 2nd DELOS Network of Excellence Workshop on Personalisation and Recommender Systems in Digital Libraries},
	date-added = {2015-04-24 01:49:48 +0000},
	date-modified = {2015-07-05 14:29:13 +0000},
	month = {June},
	title = {Comparing Recommendations Made by Online Systems and Friends},
	year = {2001}}

@article{Nash51,
	author = {John Nash},
	date-added = {2015-04-23 01:34:23 +0000},
	date-modified = {2015-04-23 01:35:33 +0000},
	journal = {Annals of Mathematics},
	month = {September},
	number = {2},
	pages = {286-295},
	title = {Non-Cooperative Games},
	volume = {54},
	year = {1951}}

@article{KT79,
	author = {Daniel Kahneman and Amos Tversky},
	date-added = {2015-04-23 01:19:39 +0000},
	date-modified = {2015-04-23 01:20:20 +0000},
	journal = {Econometrica},
	month = {March},
	number = {2},
	pages = {263-292},
	title = {Prospect Theory: An Analysis of Decision under Risk},
	volume = {47},
	year = {1979}}

@article{TK74,
	author = {Amos Tversky and Daniel Kahneman},
	date-added = {2015-04-23 01:18:24 +0000},
	date-modified = {2015-04-23 01:19:00 +0000},
	journal = {Science},
	month = {September},
	number = {4157},
	pages = {1124-1131},
	title = {Judgment under Uncertainty: Heuristics and Biases},
	volume = {185},
	year = {1974}}

@article{TK81,
	author = {Amos Tversky and Daniel Kahneman},
	date-added = {2015-04-23 01:16:49 +0000},
	date-modified = {2015-04-23 01:17:47 +0000},
	journal = {Science},
	month = {January},
	number = {4481},
	pages = {453-458},
	title = {The framing of decisions and the psychology of choice},
	volume = {211},
	year = {1981}}

@inproceedings{GLRVW13,
	address = {Brussels, Belguim},
	author = {Umberto Grandi and Andrea Loreggia and Francesca Rossi and Kristen Brent Venable and Toby Walsh},
	booktitle = {Proceedings of 3rd International Conference of Algorithmic Decision Theory (ADT)},
	date-added = {2015-02-10 20:59:33 +0000},
	date-modified = {2016-10-11 66:24:16 AM +0000},
	month = {November},
	pages = {181-192},
	title = {Restricted Manipulation in Iterative Voting: {C}ondorcet Efficiency and {B}orda Score},
	year = {2013}}

@inproceedings{OMT13,
	address = {Aachen, Germany},
	author = {Svetlana Obraztsova and Evangelos Markakis and David Robert Martin Thompson},
	booktitle = {Proceedings of the 6th International Symposium on Algorithmic Game Theory (SAGT)},
	date-added = {2015-02-10 20:46:47 +0000},
	date-modified = {2015-02-10 20:51:43 +0000},
	month = {October},
	pages = {26-37},
	title = {Plurality Voting with Truth-Biased Agents},
	year = {2013}}

@inproceedings{OLMZR15a,
	address = {Istanbul, Turkey},
	author = {Svetlana Obraztsova and Omer Lev and Vangelis Markakis and Zinovi Rabinovich and Jeffrey S. Rosenschein},
	booktitle = {Proceedings of the 14th International Joint Conference on Autonomous Agents and Multiagent Systems (AAMAS)},
	date-added = {2015-02-09 14:58:58 +0000},
	date-modified = {2015-06-23 14:40:31 +0000},
	month = {May},
	title = {Beyond Plurality: Truth-Bias in Binary Scoring Rules},
	year = {2015}}

@article{JMNRRRR14,
	author = {Nicholas R. Jennings and L. Moreau and D. Nicholson and S. Ramchurn and S. Roberts and T. Rodden and A. Rogers},
	date-added = {2015-01-12 00:40:23 +0000},
	date-modified = {2015-01-12 00:43:26 +0000},
	journal = {Communications of the ACM},
	month = {December},
	number = {12},
	pages = {80-88},
	title = {Human-agent collectives},
	volume = {57},
	year = {2014}}

@inproceedings{AKL08,
	address = {Qatar},
	author = {Benjamin Aminof and Orna Kupferman and Omer Lev},
	booktitle = {Proceedings of the 15th International Conference on Logic for Programming, Artificial Intelligence and Reasoning (LPAR)},
	date-added = {2015-01-05 01:11:28 +0000},
	date-modified = {2015-01-05 01:13:42 +0000},
	month = {November},
	pages = {183-197},
	title = {On the Relative Succinctness of Nondeterministic B{\"u}chi and co-B{\"u}chi Word Automata},
	year = {2008}}

@article{JCP14,
	author = {Shaili Jain and Yiling Chen and David C. Parkes},
	date-added = {2014-12-24 23:31:53 +0000},
	date-modified = {2014-12-24 23:32:42 +0000},
	journal = {Games and Economic Behavior},
	month = {July},
	pages = {456-474},
	title = {Designing Incentives for Online Question and Answer Forums},
	volume = {86},
	year = {2014}}

@inproceedings{YCS14,
	address = {Pittsburgh, Pennsylvania},
	author = {Ming Yin and Yiling Chen and Yu-An Sun},
	booktitle = {Proceedings of the 2nd AAAI Conference on Human Computation and Crowdsourcing (HCOMP)},
	date-added = {2014-12-24 23:30:16 +0000},
	date-modified = {2014-12-24 23:33:00 +0000},
	month = {November},
	title = {Monetary Interventions in Crowdsourcing Task Switching},
	year = {2014}}

@inproceedings{BNL14,
	address = {Seoul, Korea},
	author = {Moshe Babaioff and Noam Nisan and Renato Paes Leme},
	booktitle = {Proceedings of the 23rd international conference on World Wide Web (WWW)},
	date-added = {2014-11-25 09:30:08 +0000},
	date-modified = {2015-10-29 02:24:16 +0000},
	month = {April},
	pages = {711-722},
	title = {Price Competition in Online Combinatorial Markets},
	year = {2014}}

@inproceedings{LOBR15,
	address = {Austin, Texas},
	author = {Omer Lev and Joel Oren and Craig Boutilier and Jeffrey S. Rosenschein},
	booktitle = {Proceedings of the 29th Conference on Artificial Intelligence (AAAI)},
	date-added = {2014-11-18 18:04:18 +0000},
	date-modified = {2016-04-03 22:44:30 +0000},
	month = {January},
	pages = {972-978},
	title = {The Pricing War Continues: On Competitive Multi-Item Pricing},
	url = {http://www.cs.toronto.edu/~omerl/papers/aaai15b.pdf},
	year = {2015},
	bdsk-url-1 = {http://www.cs.toronto.edu/~omerl/papers/aaai15b.pdf}}

@unpublished{BL15,
	author = {Yoram Bachrach and Omer Lev},
	date-added = {2014-11-18 17:57:58 +0000},
	date-modified = {2014-12-25 15:35:58 +0000},
	note = {In submission},
	title = {Human Input on Crowdfunding Projects: Can People Separate the Diamond from the Rough?}}

@inproceedings{LTZ15,
	address = {Pittsburgh, Pennsylvania},
	author = {Omer Lev and Moshe Tennenholtz and Aviv Zohar},
	booktitle = {Proceedings of the 15th Conference on Theoretical Aspects of Rationality and Knowledge (TARK)},
	date-added = {2014-11-18 17:44:39 +0000},
	date-modified = {2016-04-03 22:44:54 +0000},
	month = {June},
	pages = {173-180},
	title = {An Axiomatic Approach to Routing},
	url = {http://www.cs.toronto.edu/~omerl/papers/tark15.pdf},
	year = {2015},
	bdsk-url-1 = {http://www.cs.toronto.edu/~omerl/papers/tark15.pdf}}

@inproceedings{AFLT15,
	address = {Buenos Aires, Argentina},
	author = {Noga Alon and Michal Feldman and Omer Lev and Moshe Tennenholtz},
	booktitle = {Proceedings of the 24th International Joint Conference on Artificial Intelligence (IJCAI)},
	date-added = {2014-11-18 17:08:22 +0000},
	date-modified = {2016-07-29 07:08:39 +0000},
	month = {July},
	pages = {2055-2061},
	title = {How robust is the wisdom of the crowds?},
	url = {http://www.cs.toronto.edu/~omerl/papers/ijcai15b.pdf},
	year = {2015},
	bdsk-url-1 = {http://www.cs.toronto.edu/~omerl/papers/ijcai15b.pdf}}

@unpublished{LT16,
	author = {Omer Lev and Moshe Tennenholtz},
	date-added = {2014-11-18 13:23:01 +0000},
	date-modified = {2016-07-31 04:47:47 +0000},
	month = {August},
	note = {In submission},
	title = {Group Recommendations: Axioms, Impossibilities, and Random Walks},
	year = {2016}}

@inproceedings{KLMP15,
	address = {Buenos Aires, Argentina},
	author = {David Kurokawa and Omer Lev and Jamie Morgenstern and Ariel D. Procaccia},
	booktitle = {Proceedings of the 24th International Joint Conference on Artificial Intelligence (IJCAI)},
	date-added = {2014-11-18 03:18:07 +0000},
	date-modified = {2016-07-29 07:08:27 +0000},
	month = {July},
	pages = {582-588},
	title = {Impartial Peer Review},
	url = {http://www.cs.toronto.edu/~omerl/papers/ijcai15a.pdf},
	year = {2015},
	bdsk-url-1 = {http://www.cs.toronto.edu/~omerl/papers/ijcai15a.pdf}}

@inproceedings{BLLRZ14,
	address = {Paris, France},
	author = {Yoram Bachrach and Omer Lev and Shachar Lovett and Jeffrey S. Rosenschein and Morteza Zadimoghaddam},
	booktitle = {Proceedings of the 13th International Joint Conference on Autonomous Agents and Multiagent Systems (AAMAS)},
	date-added = {2014-11-18 03:12:30 +0000},
	date-modified = {2016-04-03 22:43:00 +0000},
	month = {May},
	pages = {589-596},
	title = {Cooperative Weakest Link Games},
	url = {http://www.cs.toronto.edu/~omerl/papers/aamas14.pdf},
	year = {2014},
	bdsk-url-1 = {http://www.cs.toronto.edu/~omerl/papers/aamas14.pdf}}

@inproceedings{LLBR13,
	address = {Beijing, China},
	author = {Yoad Lewenberg and Omer Lev and Yoram Bachrach and Jeffrey S. Rosenschein},
	booktitle = {Proceedings of the 23rd International Joint Conference on Artificial Intelligence (IJCAI)},
	date-added = {2014-11-18 03:01:32 +0000},
	date-modified = {2016-07-29 07:08:50 +0000},
	month = {August},
	pages = {241-247},
	title = {Agent Failures in All-Pay Auctions},
	url = {http://www.cs.toronto.edu/~omerl/papers/ijcai13.pdf},
	year = {2013},
	bdsk-url-1 = {http://www.cs.toronto.edu/~omerl/papers/ijcai13.pdf}}

@inproceedings{ROLMR15,
	address = {Austin, Texas},
	author = {Zinovi Rabinovich and Svetlana Obraztsova and Omer Lev and Evangelos Markakis and Jeffrey S. Rosenschein},
	booktitle = {Proceedings of the 29th AAAI Conference on Artificial Intelligence (AAAI)},
	date-added = {2014-11-18 02:39:20 +0000},
	date-modified = {2016-04-03 22:44:13 +0000},
	month = {January},
	pages = {1007-1013},
	title = {Analysis of Equilibria in Iterative Voting Schemes},
	url = {http://www.cs.toronto.edu/~omerl/papers/aaai15a.pdf},
	year = {2015},
	bdsk-url-1 = {http://www.cs.toronto.edu/~omerl/papers/aaai15a.pdf}}

@inproceedings{TBM10,
	address = {Toronto, Canada},
	author = {Rudra M. Tripathy and Amitabha Bagchi and Sameep Mehta},
	booktitle = {Proceedings of the 19th ACM international conference on Information and knowledge management (CIKM)},
	date-added = {2014-10-30 01:44:24 +0000},
	date-modified = {2014-10-30 01:45:59 +0000},
	month = {October},
	pages = {1817-1820},
	title = {A study of rumor control strategies on social networks},
	year = {2010}}

@article{Gra73,
	author = {Mark S. Granovetter},
	date-added = {2014-10-30 01:39:52 +0000},
	date-modified = {2014-10-30 01:40:29 +0000},
	journal = {American Journal of Sociology},
	month = {May},
	number = {6},
	pages = {136-1380},
	title = {The Strength of Weak Ties},
	volume = {78},
	year = {1973}}

@inproceedings{FILW14,
	author = {Michal Feldman and Nicole Immorlica and Brendan Lucier and S. Matthew Weinberg},
	booktitle = {Proceedings of the 17th. International Workshop on Approximation Algorithms for Combinatorial Optimization Problems (APPROX)},
	date-added = {2014-10-30 01:19:39 +0000},
	date-modified = {2014-10-30 01:21:39 +0000},
	title = {Reaching Consensus via non-Bayesian Asynchronous Learning in Social Networks},
	year = {2014}}

@article{MNT14,
	author = {Elchanan Mossel and Joe Neeman and Omer Tamuz},
	date-added = {2014-10-30 01:14:11 +0000},
	date-modified = {2014-10-30 01:19:03 +0000},
	journal = {Autonomous Agents and Multi-Agent Systems},
	month = {May},
	number = {3},
	pages = {408-429},
	title = {Majority Dynamics and Aggregation of Information in Social Networks},
	volume = {28},
	year = {2014}}

@inproceedings{GWG12,
	address = {Valencia, Spain},
	author = {Sharad Goel and Duncan J. Watts and Daniel G. Goldstein},
	booktitle = {Proceedings of the 13th ACM Conference on Electronic Commerce (EC)},
	date-added = {2014-10-30 00:50:47 +0000},
	date-modified = {2014-10-30 00:52:00 +0000},
	month = {June},
	pages = {623-638},
	title = {The Structure of Online Diffusion Networks},
	year = {2012}}

@article{Wat02,
	author = {Duncan J. Watts},
	date-added = {2014-10-30 00:43:28 +0000},
	date-modified = {2014-10-30 00:44:12 +0000},
	journal = {Proceedings of the National Academy of Sciences of the United States of America},
	month = {April},
	number = {9},
	pages = {5766-5771},
	title = {A Simple Model of Global Cascades on Random Networks},
	volume = {99},
	year = {2002}}

@inproceedings{ABKLT12,
	address = {Valencia, Spain},
	author = {Noga Alon and Moshe Babaioff and Ron Karidi and Ron Lavi and Moshe Tennenholtz},
	booktitle = {Proceedings of the 13th ACM Conference on Electronic Commerce (EC)},
	date-added = {2014-10-30 00:40:01 +0000},
	date-modified = {2014-10-30 00:42:01 +0000},
	month = {June},
	pages = {36},
	title = {Sequential voting with externalities: herding in social networks},
	year = {2012}}

@inproceedings{KKT03,
	address = {Washington D.C.},
	author = {David Kempe and Jon Kleinberg and {\'E}va Tardos},
	booktitle = {Proceedings of the 9th ACM SIGKDD international conference on Knowledge discovery and data mining (KDD)},
	date-added = {2014-10-30 00:13:31 +0000},
	date-modified = {2014-10-30 00:15:41 +0000},
	month = {August},
	pages = {137-146},
	title = {Maximizing the spread of influence through a social network},
	year = {2003}}

@article{LW08,
	author = {Dunia L{\'o}pez-Pintado and Duncan J. Watts},
	date-added = {2014-10-29 23:50:34 +0000},
	date-modified = {2014-10-29 23:51:42 +0000},
	journal = {Rationality and Society},
	month = {November},
	number = {4},
	pages = {399-443},
	title = {Social Influence, Binary Decisions and Collective Dynamics},
	volume = {20},
	year = {2008}}

@article{KOT97,
	author = {Tatsuya Kameda and Yohsuke Ohtsubo and Masanori Takezawa},
	date-added = {2014-10-29 23:35:06 +0000},
	date-modified = {2014-10-29 23:36:18 +0000},
	journal = {Journal of Personality and Social Psychology},
	number = {2},
	pages = {296-309},
	title = {Centrality in sociocognitive networks and social influence: An illustration in a group decision-making context},
	volume = {73},
	year = {1997}}

@inproceedings{TSY09,
	address = {Paris, France},
	author = {Jie Tang and Jimeng Sun and Chi Wang and Zi Yang},
	booktitle = {Proceedings of the 15th ACM SIGKDD international conference on Knowledge discovery and data mining (KDD)},
	date-added = {2014-10-29 23:31:32 +0000},
	date-modified = {2015-07-29 21:42:09 +0000},
	month = {June},
	pages = {807-816},
	title = {Social influence analysis in large-scale networks},
	year = {2009}}

@article{You09,
	author = {H. Peyton Young},
	date-added = {2014-10-29 23:26:10 +0000},
	date-modified = {2014-10-29 23:26:43 +0000},
	journal = {American Economic Review},
	number = {5},
	pages = {1899-1924},
	title = {Innovation Diffusion in Heterogeneous Populations: Contagion, Social Influence, and Social Learning},
	volume = {99},
	year = {2009}}

@techreport{You00,
	author = {H. Peyton Young},
	date-added = {2014-10-29 23:21:06 +0000},
	date-modified = {2014-10-29 23:22:23 +0000},
	institution = {John Hopkins University},
	month = {May},
	number = {437},
	title = {The Diffusion of Innovations in Social Networks},
	type = {Economic Working Paper},
	year = {2000}}

@article{Mor00,
	author = {Stephen Morris},
	date-added = {2014-10-29 23:17:14 +0000},
	date-modified = {2014-10-29 23:17:47 +0000},
	journal = {The Review of Economic Studies},
	month = {January},
	number = {1},
	pages = {57-78},
	title = {Contagion},
	volume = {67},
	year = {2000}}

@article{Ell93,
	author = {Glenn Ellison},
	date-added = {2014-10-29 23:10:21 +0000},
	date-modified = {2014-10-29 23:11:01 +0000},
	journal = {Econometrica},
	month = {September},
	number = {5},
	pages = {1047-1071},
	title = {Learning, Local Interaction, and Coordination},
	volume = {61},
	year = {1993}}

@article{Blu93,
	author = {Lawrence E. Blume},
	date-added = {2014-10-29 23:08:54 +0000},
	date-modified = {2014-10-29 23:40:04 +0000},
	journal = {Games and Economic Behavior},
	month = {June},
	number = {3},
	pages = {387-424},
	title = {The Statistical Mechanics of Strategic Interaction},
	volume = {5},
	year = {1993}}

@inproceedings{RD02,
	address = {Edmunton, Canada},
	author = {Matthew Richardson and Pedro Domingos},
	booktitle = {Proceedings of the 8th ACM SIGKDD international conference on Knowledge discovery and data mining (KDD)},
	date-added = {2014-10-29 23:04:21 +0000},
	date-modified = {2014-10-29 23:07:41 +0000},
	month = {July},
	pages = {61-70},
	title = {Mining Knowledge-Sharing Sites for Viral Marketing},
	year = {2002}}

@article{MMB90,
	author = {Vijay Mahajan, Eitan Muller, Frank M. Bass},
	date-added = {2014-10-29 23:00:37 +0000},
	date-modified = {2014-10-29 23:01:19 +0000},
	journal = {The Journal of Marketing},
	month = {January},
	number = {1},
	pages = {1-26},
	title = {New Product Diffusion Models in Marketing: A Review and Directions for Research},
	volume = {54},
	year = {1990}}

@article{GLM01,
	author = {Jacob Goldenberg and Barak Libai and Eitan Muller},
	date-added = {2014-10-29 22:56:06 +0000},
	date-modified = {2014-10-29 22:57:08 +0000},
	journal = {Marketing Letters},
	number = {3},
	pages = {211-223},
	title = {Talk of the Network: A Complex Systems Look at the Underlying Process of Word-of-Mouth},
	volume = {12},
	year = {2001}}

@inproceedings{DR01,
	address = {San Francisco, California},
	author = {Pedro Domingos and Matthew Richardson},
	booktitle = {Proceedings of the 7th ACM SIGKDD international conference on Knowledge discovery and data mining (KDD)},
	date-added = {2014-10-29 22:50:21 +0000},
	date-modified = {2014-10-29 23:06:34 +0000},
	month = {August},
	pages = {57-66},
	title = {Mining the Network Value of Customers},
	year = {2001}}

@article{BR87,
	author = {Jacqueline Johnson Brown and Peter H. Reingen},
	date-added = {2014-10-29 22:41:22 +0000},
	date-modified = {2014-10-29 22:42:02 +0000},
	journal = {Journal of Consumer Research},
	month = {December},
	number = {3},
	pages = {350-362},
	title = {Social Ties and Word-of-Mouth Referral Behavior},
	volume = {14},
	year = {1987}}

@article{KS85,
	author = {Michael L. Katz and Carl Shapiro},
	date-added = {2014-10-29 22:37:54 +0000},
	date-modified = {2014-10-29 22:38:37 +0000},
	journal = {The American Economic Review},
	month = {June},
	number = {3},
	pages = {424-440},
	title = {Network Externalities, Competition, and Compatibility},
	volume = {75},
	year = {1985}}

@article{FS85,
	author = {Joseph Farrell and Garth Saloner},
	date-added = {2014-10-29 22:10:04 +0000},
	date-modified = {2014-10-29 22:11:24 +0000},
	journal = {Rand Journal of Economics},
	number = {1},
	pages = {70-83},
	title = {Standartization, Compatability, and Innovation},
	volume = {16},
	year = {1985}}

@article{Art89,
	author = {W. Brian Arthur},
	date-added = {2014-10-29 22:05:04 +0000},
	date-modified = {2014-10-29 22:05:58 +0000},
	journal = {The Economic Journal},
	month = {March},
	number = {394},
	pages = {116-131},
	title = {Competing Technologies, Increasing Returns, and Lock-In by Historical Events},
	volume = {99},
	year = {1989}}

@article{Ban92,
	author = {Abhijit V. Banerjee},
	date-added = {2014-10-29 21:58:47 +0000},
	date-modified = {2014-10-29 21:59:33 +0000},
	journal = {The Quarterly Journal of Economics},
	month = {August},
	number = {3},
	pages = {797-817},
	title = {A Simple Model of Herd Behavior},
	volume = {107},
	year = {1992}}

@book{AS08,
	author = {Noga Alon and Joel H. Spencer},
	date-added = {2014-10-29 21:56:41 +0000},
	date-modified = {2014-10-29 21:57:30 +0000},
	edition = {3rd},
	publisher = {Wiley},
	title = {The Probabilistic Method},
	year = {2008}}

@article{BHW92,
	author = {Sushil Bikhchandani and David Hirshleifer and Ivo Welch},
	date-added = {2014-10-29 21:54:16 +0000},
	date-modified = {2014-10-29 21:55:19 +0000},
	journal = {Journal of Political Economy},
	month = {October},
	number = {5},
	pages = {992-1026},
	title = {A Theory of Fads, Fashion, Custom, and Cultural Change as Informational Cascades},
	volume = {100},
	year = {1992}}

@inproceedings{EKTZ11,
	address = {San Jose, Califronia},
	author = {Yuval Emek and Ron Karidi and Moshe Tennenholtz and Aviv Zohar},
	booktitle = {Proceedings of the 12th ACM conference on Electronic Commerce (EC)},
	date-added = {2014-09-14 22:59:38 +0000},
	date-modified = {2016-01-22 01:26:13 +0000},
	month = {June},
	pages = {209-218},
	title = {Mechanisms for multi-level marketing},
	year = {2011}}

@article{AT10,
	author = {Alon Altman and Moshe Tennenholtz},
	date-added = {2014-09-14 22:56:33 +0000},
	date-modified = {2014-09-14 22:57:50 +0000},
	journal = {Journal of the ACM},
	number = {4},
	pages = {1-35},
	title = {An axiomatic approach to personalized ranking systems},
	volume = {57},
	year = {2010}}

@book{Arr51,
	author = {Kenneth Joseph Arrow},
	date-added = {2014-09-14 22:51:12 +0000},
	date-modified = {2014-09-14 22:55:20 +0000},
	publisher = {Yale University Press},
	title = {Social Choice and Individual Values},
	year = {1951}}

@article{SYHL06,
	author = {Yan Lindsay Sun and Wei Yu and Zhu Han and K. J.R. Liu},
	date-added = {2014-09-14 02:28:58 +0000},
	date-modified = {2014-09-14 02:30:42 +0000},
	journal = {IEEE Journal on Selected Areas in Communications},
	month = {September},
	number = {2},
	pages = {305-317},
	title = {Information theoretic framework of trust modeling and evaluation for ad hoc networks},
	volume = {24},
	year = {2006}}

@article{HSE95,
	author = {Shai Herzog and Scott Shenker and Deborah Estrin},
	date-added = {2014-09-14 02:24:26 +0000},
	date-modified = {2014-09-14 02:26:48 +0000},
	journal = {IEEE/ACM Transactions on Networking},
	month = {December},
	number = {6},
	pages = {847-860},
	title = {Sharing the "cost" of Multicast Trees: An Axiomatic Analysis},
	volume = {5},
	year = {1997}}

@inproceedings{KNGLYE04,
	address = {Venice, Italy},
	author = {David Kotz and Calvin Newport and Robert S. Gray and Jason Liu and Yougu Yuan and Chip Elliott},
	booktitle = {Proceedings of the 7th ACM international symposium on Modeling, analysis and simulation of wireless and mobile systems (MSWiM)},
	date-added = {2014-09-14 02:17:19 +0000},
	date-modified = {2014-09-14 02:18:52 +0000},
	month = {October},
	pages = {78-82},
	title = {Experimental evaluation of wireless simulation assumptions},
	year = {2004}}

@inproceedings{KKPB07,
	address = {Kyoto, Japan},
	author = {Martin Karsten and S. Keshav and Sanjiva Prasad and Mirza Beg},
	booktitle = {Proceedings of the 2007 conference on Applications, technologies, architectures, and protocols for computer communications (SIGCOMM)},
	date-added = {2014-09-14 02:06:56 +0000},
	date-modified = {2014-09-14 02:12:44 +0000},
	month = {August},
	pages = {217-228},
	title = {An axiomatic basis for communication},
	year = {2007}}

@inproceedings{VP88,
	author = {Tom S. Verma and Judea Pearl},
	booktitle = {Proceedings of the 4th Conference on Uncertainty in Artificial Intelligence (UAI)},
	date-added = {2014-09-14 02:04:08 +0000},
	date-modified = {2014-09-14 02:06:48 +0000},
	pages = {69-78},
	title = {Causal Networks: Semantics and Expressiveness},
	year = {1988}}

@inproceedings{GS05,
	address = {Philadelphia, Pennsylvania},
	author = {Timothy G. Griffin and Jo{\~a}o Lu{\'\i}s Sobrinho},
	booktitle = {Proceedings of the 2005 conference on Applications, technologies, architectures, and protocols for computer communications (SIGCOMM)},
	date-added = {2014-09-14 01:48:22 +0000},
	date-modified = {2014-09-14 01:50:47 +0000},
	month = {August},
	pages = {1-12},
	title = {Metarouting},
	year = {2005}}

@book{MS58,
	author = {James G. March and Herbert A. Simon},
	date-added = {2014-09-14 01:42:03 +0000},
	date-modified = {2014-09-14 01:42:48 +0000},
	publisher = {John Wiley and Sons},
	title = {Organizations},
	year = {1958}}

@book{Gal73,
	author = {Jay R. Galbraith},
	date-added = {2014-09-14 01:39:54 +0000},
	date-modified = {2014-09-14 01:41:05 +0000},
	publisher = {Addison-Wesley},
	title = {Designing Complex Organizations},
	year = {1973}}

@inproceedings{LSZ08,
	address = {Victoria, Canada},
	author = {Hagay Levin and Michael Schapira and Aviv Zohar},
	booktitle = {Proceedings of the 40th annual ACM symposium on Theory of computing (STOC)},
	date-added = {2014-09-14 01:36:09 +0000},
	date-modified = {2014-09-14 01:37:39 +0000},
	month = {May},
	pages = {57-66},
	title = {Interdomain routing and games},
	year = {2008}}

@article{GR01,
	author = {Lixin Gao and Jeniffer Rexford},
	date-added = {2014-09-14 01:33:40 +0000},
	date-modified = {2014-09-14 01:34:57 +0000},
	journal = {IEEE/ACM Transactions on Networking},
	month = {December},
	number = {6},
	pages = {681-692},
	title = {Stable internet routing without global coordination},
	volume = {9},
	year = {2001}}

@unpublished{Mal86,
	author = {T. W. Malone},
	date-added = {2014-09-14 01:30:15 +0000},
	date-modified = {2014-09-14 01:44:04 +0000},
	note = {Sloan School of Management Working Paper 1849, MIT},
	title = {Informational Efficiency in Networks and Hierarchies},
	year = {1986}}

@article{DLC87,
	author = {Edmund Durfee and Victor R. Lesser and Daniel D. Corkill},
	date-added = {2014-09-14 01:27:20 +0000},
	date-modified = {2014-09-14 01:29:31 +0000},
	journal = {IEEE Transactions on Computers},
	number = {2},
	pages = {1275--1291},
	title = {Coherent Cooperation Among Communicating Problem Solvers},
	volume = {36},
	year = {1987}}

@article{Fox81,
	author = {Mark S. Fox},
	date-added = {2014-09-14 01:23:14 +0000},
	date-modified = {2014-09-14 01:26:50 +0000},
	journal = {IEEE Transactions on Systems, Man and Cybernetics},
	number = {1},
	pages = {70--80},
	title = {An organizational view of distributed systems},
	volume = {11},
	year = {1981}}

@inproceedings{MLR14,
	address = {Palo Alto, Califronia},
	author = {Reshef Meir and Omer Lev and Jeffrey S. Rosenschein},
	booktitle = {Proceedings of the 15th ACM conference on Economics and Computation (EC)},
	date-added = {2014-09-01 20:08:41 +0000},
	date-modified = {2016-04-03 22:43:47 +0000},
	month = {June},
	pages = {313-330},
	title = {A Local-Dominance Theory of Voting Equilibria},
	url = {http://www.cs.toronto.edu/~omerl/papers/ec14.pdf},
	year = {2014},
	bdsk-url-1 = {http://www.cs.toronto.edu/~omerl/papers/ec14.pdf}}

@book{LM10,
	author = {Kevin Laton and Dan Marom},
	date-added = {2014-07-07 16:04:43 +0000},
	date-modified = {2014-07-07 16:05:33 +0000},
	publisher = {CreateSpace Independent Publishing Platform},
	title = {The Crowdfunding Revolution: Social Networking Meets Venture Financing},
	year = {2010}}

@inproceedings{BFLR12,
	address = {Valencia, Spain},
	author = {Dorothea Baumeister and Piotr Faliszewski and J{\'e}r{\^o}me Lang and J{\"o}rg Rothe},
	booktitle = {Proceedings of the 11th International Conference on Autonomous Agents and Multiagent Systems (AAMAS)},
	date-added = {2014-03-19 23:58:19 +0000},
	date-modified = {2014-03-20 00:00:39 +0000},
	month = {June},
	pages = {577-584},
	title = {Campaigns for lazy voters: truncated ballots},
	volume = {2},
	year = {2012}}

@inproceedings{ECR08,
	author = {Edith Elkind and Georgios Chalkiadakis and Nicholas R. Jennings},
	booktitle = {Proceedings of the 18th European Conference on Artificial Intelligence (ECAI)},
	date-added = {2013-10-08 22:53:44 +0000},
	date-modified = {2013-10-08 22:55:03 +0000},
	pages = {393-397},
	title = {Coalition Structures in Weighted Voting Games},
	year = {2008}}

@inproceedings{EGGW07,
	address = {Vancouver, Canada},
	author = {Edith Elkind and Leslie Ann Goldberg and Paul Goldberg and Michael Wooldridge},
	booktitle = {Proceedings of the 22nd National Conference on Artificial Intelligence (AAAI)},
	date-added = {2013-10-08 22:48:57 +0000},
	date-modified = {2013-10-08 22:51:24 +0000},
	editor = {Anthony Cohn},
	month = {July},
	pages = {718-723},
	title = {Computational complexity of weighted threshold games},
	volume = {1},
	year = {2007}}

@article{BCW13,
	author = {Robert Bredereck and Jiehua Chen and Gerhard J. Woeginger},
	date-added = {2013-10-04 12:51:26 +0000},
	date-modified = {2013-10-04 12:52:26 +0000},
	journal = {Social Choice and Welfare},
	month = {October},
	number = {4},
	pages = {989-998},
	title = {A characterization of the single-crossing domain},
	volume = {41},
	year = {2013}}

@article{GS96,
	author = {Joshua S. Gansa and Michael Smart},
	date-added = {2013-10-04 12:50:03 +0000},
	date-modified = {2013-10-04 12:50:43 +0000},
	journal = {Journal of Public Economics},
	month = {February},
	number = {2},
	pages = {219-237},
	title = {Majority voting with single-crossing preferences},
	volume = {59},
	year = {1996}}

@article{Rob77,
	author = {Kevin W.S. Roberts},
	date-added = {2013-10-04 12:47:02 +0000},
	date-modified = {2013-10-04 12:47:38 +0000},
	journal = {Journal of Public Economics},
	number = {3},
	pages = {329-340},
	title = {Voting over income tax schedules},
	volume = {8},
	year = {1977}}

@article{Mou80,
	author = {Herv{\'e} Moulin},
	date-added = {2013-10-04 12:37:11 +0000},
	date-modified = {2013-10-04 12:38:12 +0000},
	journal = {Public Choice},
	number = {4},
	pages = {437-455},
	title = {On strategy-proofness and single peakedness},
	volume = {35},
	year = {1980}}

@inproceedings{GS09,
	address = {Budapest, Hungary},
	author = {Anil G\"{u}rsel and Sandip Sen},
	booktitle = {Proceedings of The 8th International Conference on Autonomous Agents and Multiagent Systems (AAMAS)},
	date-added = {2013-09-30 02:16:11 +0000},
	date-modified = {2013-09-30 02:18:21 +0000},
	month = {May},
	pages = {805-812},
	title = {Producing Timely Recommendations From Social Networks Through Targeted Search},
	volume = {2},
	year = {2009}}

@inproceedings{Cap05,
	address = {Athens, Greece},
	author = {Licia Capra},
	booktitle = {Proceedings of 1st IEEE Workshop on the Value of Security Through Collaboration},
	date-added = {2013-09-30 01:44:43 +0000},
	date-modified = {2013-09-30 01:46:33 +0000},
	month = {September},
	title = {Reasoning about Trust Groups to Coordinate Mobile Ad-Hoc Systems},
	year = {2005}}

@inproceedings{HS10,
	address = {Toronto, Canada},
	author = {Chung-wei Hang and Munindar P. Singh},
	booktitle = {Proceedings of the 13th International Workshop on Trust in Agent Societies},
	date-added = {2013-09-30 01:27:09 +0000},
	date-modified = {2013-09-30 01:30:29 +0000},
	month = {May},
	pages = {71-81},
	title = {Trust-Based Recommendation Based on Graph Similarity},
	year = {2010}}

@inproceedings{PMLR04,
	address = {Erfurt, Germany},
	author = {Jordi Palau and Miquel Montaner and Beatriz L{\'o}pez and Josep Llu{\'\i}s de la Rosa},
	booktitle = {Proceedings of 8th Cooperative Information Agents International Workshop (CIA)},
	date-added = {2013-09-30 01:03:15 +0000},
	date-modified = {2013-09-30 01:07:58 +0000},
	month = {September},
	pages = {137-151},
	series = {Lecture Notes in Computer Science},
	title = {Collaboration Analysis in Recommender Systems Using Social Networks},
	volume = {3191},
	year = {2004}}

@article{WBS08,
	author = {Frank Edward Walter and Stefano Battiston and Frank Schweitzer},
	date-added = {2013-09-30 01:00:29 +0000},
	date-modified = {2013-09-30 01:02:53 +0000},
	journal = {Journal of Autonomous Agents and Multi-Agent Systems (JAAMAS)},
	month = {February},
	number = {1},
	pages = {57-74},
	title = {A model of a trust-based recommendation system on a social network},
	url = {http://dx.doi.org/10.1007/s10458-007-9021-x},
	volume = {16},
	year = {2008},
	bdsk-url-1 = {http://dx.doi.org/10.1007/s10458-007-9021-x}}

@inproceedings{BCTMT10,
	address = {Palo Alto, California},
	author = {Christian Borgs and Jennifer Chayes and Adam Tauman Kalai and Azarakhsh Malekian and Moshe Tennenholtz},
	booktitle = {Proceedings of the 6th Workshop on Internet and Network Economics (WINE)},
	date-added = {2013-07-31 07:11:52 +0000},
	date-modified = {2015-06-27 22:51:25 +0000},
	month = {June},
	pages = {87-105},
	title = {A novel approach to propagating distrust},
	year = {2010}}

@inproceedings{RT09,
	address = {Rome, Italy},
	author = {Ola Rozenfeld and Moshe Tennenholtz},
	booktitle = {Proceedings of the 5th Workshop on Internet and Network Economics (WINE)},
	date-added = {2013-07-31 07:08:04 +0000},
	date-modified = {2013-07-31 07:12:54 +0000},
	month = {December},
	pages = {113-124},
	title = {Consistent Continuous Trust-Based Recommendation Systems},
	year = {2009}}

@inproceedings{AT05b,
	address = {Vancouver, Canada},
	author = {Alon Altman and Moshe Tennenholtz},
	booktitle = {Proceedings of the 6th ACM conference on Electronic Commerce (EC)},
	date-added = {2013-07-31 07:02:16 +0000},
	date-modified = {2016-01-22 01:26:19 +0000},
	month = {June},
	pages = {1-8},
	title = {Ranking systems: The PageRank axioms},
	year = {2005}}

@inproceedings{AT05,
	address = {Edinburgh, Great Britain},
	author = {Alon Altman and Moshe Tennenholtz},
	booktitle = {Proceedings of the 19th International Joint Conference on Artificial Intelligence (IJCAI)},
	date-added = {2013-07-31 06:58:27 +0000},
	date-modified = {2015-06-28 15:39:43 +0000},
	month = {August},
	pages = {917-922},
	title = {On the axiomatic foundations of ranking systems},
	year = {2005}}

@inproceedings{GXLBHMS10,
	author = {Mike Gartrell and Xinyu Xing and Qin Lv and Aaron Beach and Richard Han and Shivakant Mishra and Karim Seada},
	booktitle = {Proceedings of the 16th ACM international conference on Supporting group work (GROUP)},
	date-added = {2013-07-31 06:16:33 +0000},
	date-modified = {2013-07-31 06:18:51 +0000},
	pages = {97-106},
	title = {Enhancing group recommendation by incorporating social relationship interactions},
	year = {2010}}

@article{KKOR10,
	author = {Jae Kyeong Kim and Hyea Kyeong Kim and Hee Young Oh and Young U. Ryu},
	date-added = {2013-07-31 06:13:31 +0000},
	date-modified = {2013-07-31 08:43:00 +0000},
	journal = {International Journal of Information Management},
	number = {3},
	pages = {212-219},
	title = {A group recommendation system for online communities},
	volume = {30},
	year = {2010}}

@inproceedings{ABCDY09,
	author = {Sihem Amer-Yahia and Senjuti Basu Roy and Ashish Chawlat and Gautam Das and Cong Yu},
	booktitle = {Proceedings of the VLDB Endowment},
	date-added = {2013-07-31 06:08:39 +0000},
	date-modified = {2013-07-31 06:37:55 +0000},
	pages = {754-765},
	title = {Group recommendation: semantics and efficiency},
	volume = {2},
	year = {2009}}

@inproceedings{SKR99,
	address = {Denver, Colorado},
	author = {J. Ben Schafer and Joseph Konstan and John Riedi},
	booktitle = {Proceedings of the 1st ACM conference on Electronic Commerce (EC)},
	date-added = {2013-07-31 05:53:01 +0000},
	date-modified = {2016-01-22 01:26:24 +0000},
	month = {November},
	pages = {158-166},
	title = {Recommender Systems in E-Commerce},
	year = {1999}}

@inproceedings{AMT05,
	address = {Santa Fe, New Mexico},
	author = {Paolo Avesani and Paolo Massa and Roberto Tiella},
	booktitle = {Proceedings of the 20th ACM symposium on Applied computing (SAC)},
	date-added = {2013-07-31 05:51:05 +0000},
	date-modified = {2015-07-05 14:16:53 +0000},
	month = {March},
	pages = {1589-1593},
	title = {A Trust-enhanced Recommender System Application: Moleskiing},
	year = {2005}}

@article{RKZF00,
	author = {Paul Resnick and Ko Kuwabara and Richard Zeckhauser and Eric Friedman},
	date-added = {2013-07-31 05:28:26 +0000},
	date-modified = {2013-07-31 05:29:42 +0000},
	journal = {Communications of the ACM},
	month = {December},
	number = {12},
	pages = {45-48},
	title = {Reputation systems},
	volume = {43},
	year = {2000}}

@incollection{RZ02,
	author = {Paul Resnick and Richard Zeckhauser},
	booktitle = {The Economics of the Internet and E-commerce (Advances in Applied Microeconomics)},
	date-added = {2013-07-31 04:54:04 +0000},
	date-modified = {2016-01-22 01:03:02 +0000},
	editor = {Michael R. Baye},
	pages = {127-157},
	publisher = {Emerald Group Publishing Limited},
	title = {Trust Among Strangers in Internet Transactions: Empirical Analysis of e{B}ay's Reputation System},
	volume = {11},
	year = {2002}}

@techreport{PBMW99,
	author = {Lawrence Page and Sergey Brin and Rajeev Motwani and Terry Winograd},
	date-added = {2013-07-31 04:49:24 +0000},
	date-modified = {2013-07-31 05:04:25 +0000},
	institution = {Stanford InfoLab},
	month = {November},
	title = {The PageRank Citation Ranking: Bringing Order to the Web},
	year = {1999}}

@inproceedings{ABCFFKMT08,
	address = {Beijing, China},
	author = {Reid Andersen and Christian Borgs and Jennifer Chayes and Uriel Feige and Abraham Flaxman and Adam Kalai and Vahab Mirrokni and Moshe Tennenholtz},
	booktitle = {Proceedings of the 17th international conference on World Wide Web (WWW)},
	date-added = {2013-07-25 04:45:30 +0000},
	date-modified = {2013-07-25 04:49:28 +0000},
	month = {April},
	pages = {199-208},
	title = {Trust-based recommendation systems: an axiomatic approach},
	year = {2008}}

@phdthesis{Lin12,
	address = {Rochester, NY},
	author = {Andrew Lin},
	date-added = {2013-07-03 00:30:25 +0000},
	date-modified = {2013-07-03 00:31:52 +0000},
	school = {Rochester Institute of Technology},
	title = {Solving hard problems in election systems},
	year = {2012}}

@inproceedings{PR07b,
	address = {Honolulu, Hawaii},
	author = {Ariel D. Procaccia and Jeffrey S. Rosenschein},
	booktitle = {The 6th International Joint Conference on Autonomous Agents and Multiagent Systems (AAMAS)},
	date-added = {2013-06-16 19:25:52 +0000},
	date-modified = {2015-06-27 22:58:52 +0000},
	month = {May},
	pages = {718-720},
	title = {Average-Case Tractability of Manipulation in Elections via the Fraction of Manipulators},
	year = {2007}}

@techreport{MPR13,
	author = {Elchanan Mossel and Ariel D. Procaccia and Mikl{\`o}s Z. Ra{\'c}z},
	date-added = {2013-06-16 19:23:05 +0000},
	date-modified = {2013-06-16 19:24:47 +0000},
	title = {A Smooth Transition from Powerlessness to Absolute Power},
	url = {http://www.cs.cmu.edu/~arielpro/papers/phase.pdf},
	year = {2013},
	bdsk-url-1 = {http://www.cs.cmu.edu/~arielpro/papers/phase.pdf}}

@inproceedings{MTBK12,
	address = {Toronto, Canada},
	author = {Reshef Meir and Moshe Tennenholtz and Yoram Bachrach and Peter Key},
	booktitle = {Proceedings of the 26th National Conference on Artificial Intelligence (AAAI)},
	date-added = {2013-01-31 08:21:02 +0000},
	date-modified = {2013-01-31 08:43:13 +0000},
	month = {July},
	pages = {1401-1407},
	title = {Congestion Games with Agent Failures},
	year = {2012}}

@inproceedings{LY03,
	author = {Dennis Lu and Jing Yang},
	booktitle = {37th Annual Meeting of the Canadian Economics Association},
	date-added = {2013-01-30 20:41:19 +0000},
	date-modified = {2015-07-05 14:26:34 +0000},
	title = {Auction Participation and Market Uncertainty: Evidence from Canadian Treasury Auctions},
	url = {http://www.fsa.ulaval.ca/nfa2003/papiers/Dennis%20Lu.pdf},
	year = {2003},
	bdsk-url-1 = {http://www.fsa.ulaval.ca/nfa2003/papiers/Dennis%20Lu.pdf}}

@article{MM00,
	author = {Flavio M. Menezes and Paulo K. Monteiro},
	date-added = {2013-01-30 20:39:01 +0000},
	date-modified = {2013-01-30 20:41:18 +0000},
	journal = {Review of Economic Design},
	month = {March},
	number = {1},
	pages = {71-89},
	title = {Auctions with endogenous participation},
	volume = {5},
	year = {2000}}

@article{DKL89,
	author = {Douglas Dyer and John H. Kagel and Dan Levin},
	date-added = {2013-01-30 20:37:49 +0000},
	date-modified = {2013-01-30 20:38:58 +0000},
	journal = {The RAND Journal of Economics},
	number = {2},
	pages = {268-279},
	title = {Resolving Uncertainty about the Number of Bidders in Independent Private - Value Auctions: An Experimental Analysis},
	url = {http://www.cs.princeton.edu/courses/archive/spr10/cos444/papers/dyer_et_al89b.pdf},
	volume = {20},
	year = {1989},
	bdsk-url-1 = {http://www.cs.princeton.edu/courses/archive/spr10/cos444/papers/dyer_et_al89b.pdf}}

@article{Mat87,
	author = {Steven Matthews},
	date-added = {2013-01-29 03:04:06 +0000},
	date-modified = {2013-01-29 03:07:48 +0000},
	journal = {Econometrica},
	month = {May},
	number = {3},
	pages = {633-646},
	title = {Comparing Auctions for Risk Averse Buyers: A Buyer's Point of View},
	volume = {55},
	year = {1987}}

@article{MM87,
	author = {Randolph Preston McAfee and John McMillan},
	date-added = {2013-01-29 02:46:32 +0000},
	date-modified = {2013-01-29 02:48:21 +0000},
	journal = {Journal of Economic Theory},
	month = {October},
	number = {1},
	pages = {1-19},
	title = {Auctions with a Stochastic Number of Bidders},
	url = {http://faculty-gsb.stanford.edu/mcmillan/personal_page/documents/stochasticbidders.pdf},
	volume = {43},
	year = {1987},
	bdsk-url-1 = {http://faculty-gsb.stanford.edu/mcmillan/personal_page/documents/stochasticbidders.pdf}}

@inproceedings{TLL11,
	author = {David Robert Martin Thompson and Samantha Leung and Kevin Leyton-Brown},
	booktitle = {Proceedings of the 7th International Conference on Internet and Network Economics (WINE)},
	date-added = {2013-01-27 01:34:22 +0000},
	date-modified = {2015-05-18 22:43:06 +0000},
	title = {Computing Nash Equilibria of Action-Graph Games via Support Enumeration},
	year = {2011}}

@article{PNS09,
	author = {Ryan W. Porter and Eugene Nudelman and Yoav Shoham},
	date-added = {2013-01-27 01:34:03 +0000},
	date-modified = {2015-07-05 14:01:30 +0000},
	journal = {Games and Economic Behavior},
	pages = {642-662},
	title = {Simple Search Methods for Finding a {Nash} Equilibrium},
	volume = {63},
	year = {2009}}

@inproceedings{DSVV09,
	author = {Constantinos Daskalakis and Grant Schoenebeck and Gregory Valiant and Paul Valiant},
	booktitle = {Proceedings of the 20th annual ACM-SIAM Symposium on Discrete Algorithms (SODA)},
	date-added = {2013-01-27 01:33:27 +0000},
	date-modified = {2015-06-20 23:19:50 +0000},
	title = {On the complexity of {Nash} equilibria of action-graph games},
	year = {2009}}

@article{JLB11,
	author = {Albert Xin Jiang and Kevin Leyton-Brown and Navin A.R. Bhat},
	date-added = {2013-01-27 01:33:14 +0000},
	date-modified = {2015-05-18 22:43:35 +0000},
	issue = 1,
	journal = {Games and Economic Behavior},
	pages = {141--173},
	title = {Action-Graph Games},
	volume = 71,
	year = {2011}}

@inproceedings{KLS01,
	author = {Michael J. Kearns and Michael L. Littman and Satinder P. Singh},
	booktitle = {Proceedings of the 17th Conference in Uncertainty in Artificial Intelligence (UAI)},
	date-added = {2013-01-27 01:32:41 +0000},
	date-modified = {2015-05-19 17:33:14 +0000},
	title = {Graphical Models for Game Theory},
	year = {2001}}

@inproceedings{RS12,
	address = {Bordeuax, France},
	author = {J{\"o}rg Rothe and Lena Schend},
	booktitle = {Proceedings of the 11th international conference on Experimental Algorithms (SEA)},
	date-added = {2013-01-27 00:30:07 +0000},
	date-modified = {2013-01-27 00:32:20 +0000},
	month = {July},
	pages = {356-368},
	title = {Control complexity in bucklin, fallback, and plurality voting: an experimental approach},
	year = {2012}}

@article{Ber85,
	author = {Sven Berg},
	date-added = {2013-01-27 00:29:03 +0000},
	date-modified = {2013-01-27 00:29:45 +0000},
	journal = {Public Choice},
	number = {2},
	pages = {377-387},
	title = {Paradox of Voting under an Urn Model: The Effect of Homogeneity},
	volume = {47},
	year = {1985}}

@inproceedings{DKNW11,
	address = {San Francisco, California},
	author = {Jessica Davies and George Katsirelos and Nina Narodytska and Toby Walsh},
	booktitle = {Proceedings of the 25th National Conference on Artificial Intelligence (AAAI)},
	date-added = {2013-01-27 00:22:41 +0000},
	date-modified = {2014-10-29 22:53:21 +0000},
	month = {August},
	pages = {657-662},
	title = {Complexity of and Algorithms for Borda Manipulation},
	year = {2011}}

@inproceedings{Wal10,
	address = {Lisbon, Portugal},
	author = {Toby Walsh},
	booktitle = {Proceedings of the 19th European Conference on Artificial Intelligence (ECAI)},
	date-added = {2013-01-27 00:18:30 +0000},
	date-modified = {2013-01-27 00:21:35 +0000},
	month = {August},
	pages = {257-262},
	title = {An Empirical Study of the Manipulability of Single Transferable Voting},
	year = {2010}}

@incollection{TP12,
	author = {Nicolaus Tideman and Florenz Plassmann},
	booktitle = {Electoral Systems: Pardoxes, Assumptions and Procedures},
	date-added = {2013-01-27 00:09:38 +0000},
	date-modified = {2013-01-27 00:14:54 +0000},
	editor = {Dan S. Felsenthal and Mosh{\'e} Machover},
	pages = {217-251},
	publisher = {Springer},
	series = {Studies in Choice and Welfare},
	title = {Modeling the outcomes of vote-casting in actual elections},
	year = {2012}}

@unpublished{DL10,
	author = {Bhaskar Dutta and Jean-Fran{\c c}ois Laslier},
	date-added = {2013-01-26 19:52:50 +0000},
	date-modified = {2013-01-26 19:52:50 +0000},
	note = {in 10th International Meeting of the Society for Social Choice and Welfare, Moscow},
	title = {Costless Honesty in Voting},
	year = {2010}}

@article{DS12,
	author = {Bhaskar Dutta and Arunava Sen},
	date-added = {2013-01-26 19:52:32 +0000},
	date-modified = {2013-01-26 19:52:32 +0000},
	journal = {Games and Economic Behavior},
	month = {January},
	number = {1},
	pages = {154-169},
	title = {Nash implementation with partially honest individuals},
	volume = {74},
	year = {2012}}

@incollection{laslier2010laboratory,
	author = {Laslier, Jean-Fran{\c{c}}ois},
	booktitle = {Handbook on approval voting},
	pages = {339--356},
	publisher = {Springer},
	title = {Laboratory experiments on approval voting},
	year = {2010}}

@article{LW13,
	author = {Jean-Fran{\c c}ois Laslier and J{\"o}rgen W. Weibull},
	date-added = {2013-01-26 19:52:13 +0000},
	date-modified = {2016-01-18 04:51:49 +0000},
	journal = {The Scandinavian Journal of Economics},
	month = {January},
	number = {1},
	pages = {84-108},
	title = {An Incentive-Compatible {C}ondorcet Jury Theorem},
	volume = {115},
	year = {2013}}

@inproceedings{TLLR13,
	address = {St. Paul, Minnesota},
	author = {David Robert Martin Thompson and Omer Lev and Kevin Leyton-Brown and Jeffrey S. Rosenschein},
	booktitle = {Proceedings of the 12th International Coference on Autonomous Agents and Multiagent Systems (AAMAS)},
	date-added = {2013-01-25 12:25:18 +0000},
	date-modified = {2016-04-03 22:41:38 +0000},
	month = {May},
	pages = {391-398},
	title = {Empirical Aspects of Plurality Election Equilibria},
	url = {http://www.cs.toronto.edu/~omerl/papers/aamas13a.pdf},
	year = {2013},
	bdsk-url-1 = {http://www.cs.toronto.edu/~omerl/papers/aamas13a.pdf}}

@inproceedings{Wal09,
	address = {Pasadena, California},
	author = {Toby Walsh},
	booktitle = {Proceedings of the 21st International Joint Conference on Artificial Intelligence (IJCAI)},
	date-added = {2013-01-25 12:12:45 +0000},
	date-modified = {2015-04-23 23:13:27 +0000},
	month = {July},
	pages = {324-329},
	title = {Where are the really hard manipulation problems? The phase transition in manipulating the veto rule},
	url = {http://www.cse.unsw.edu.au/~tw/wijcai09.pdf},
	year = {2009},
	bdsk-url-1 = {http://www.cse.unsw.edu.au/~tw/wijcai09.pdf}}

@inproceedings{BIK07,
	address = {New Orleans, Louisiana},
	author = {Moshe Babaioff and Nicole Immorlica and Robert Kleinberg},
	booktitle = {Proceedings of the 18th annual ACM-SIAM Symposium on Discrete Algorithms (SODA)},
	date-added = {2013-01-08 00:13:14 +0000},
	date-modified = {2013-01-29 01:43:22 +0000},
	month = {January},
	pages = {434-443},
	title = {Matroids, secretary problems, and online mechanisms},
	year = {2007}}

@inproceedings{Kar72,
	address = {Yorktown Heights, New York},
	author = {Richard M. Karp},
	booktitle = {Proceedings of a Symposium on the Complexity of Computer Computations},
	date-added = {2013-01-08 00:11:22 +0000},
	date-modified = {2015-07-01 13:48:54 +0000},
	editor = {Raymond E. Miller and James W. Thatcher},
	month = {March},
	pages = {85-103},
	title = {Reducibility among combinatorial problems},
	year = {1972}}

@inproceedings{BMJK10,
	address = {Atlanta, Georgia},
	author = {Yoram Bachrach and Reshef Meir and Kyomin Jung and Pushmeet Kohli},
	booktitle = {Proceedings of the 24th National Conference on Artificial Intelligence (AAAI)},
	date-added = {2013-01-07 07:06:45 +0000},
	date-modified = {2013-01-07 07:08:45 +0000},
	publisher = {2010},
	title = {Coalitional Structure Generation in Skill Games},
	year = {2010}}

@inproceedings{BR08,
	address = {Estoril, Portugal},
	author = {Yoram Bachrach and Jeffrey S. Rosenschein},
	booktitle = {Proceedings of the 7th international joint conference on Autonomous Agents and Multiagent Systems (AAMAS)},
	date-added = {2013-01-07 07:01:36 +0000},
	date-modified = {2016-01-22 01:28:21 +0000},
	month = {May},
	pages = {1023-1030},
	title = {Coalitional Skill Games},
	year = {2008}}

@inproceedings{BP10,
	address = {Toronto, Canada},
	author = {Yoram Bachrach and Ely Porat},
	booktitle = {Proceedings of the 9th International Conference on Autonomous Agents and Multiagent Systems (AAMAS)},
	date-added = {2013-01-07 06:37:58 +0000},
	date-modified = {2013-01-07 06:40:21 +0000},
	month = {May},
	pages = {1123-1130},
	title = {Path disruption games},
	year = {2010}}

@inproceedings{Bac11,
	address = {Warsaw, Poland},
	author = {Yoram Bachrach},
	booktitle = {Proceedings of the 36th international conference on Mathematical foundations of computer science (MFCS)},
	date-added = {2013-01-07 06:31:58 +0000},
	date-modified = {2013-01-07 06:36:56 +0000},
	month = {August},
	pages = {36-47},
	title = {The least-core of threshold network flow games},
	year = {2011}}

@article{EGGW09a,
	author = {Edith Elkind and Leslie Ann Goldberg and Paul W. Goldberg and Michael Wooldridge},
	date-added = {2013-01-07 05:52:05 +0000},
	date-modified = {2015-06-22 01:19:21 +0000},
	journal = {Mathematical Logic Quarterly},
	month = {August},
	number = {4},
	pages = {362-376},
	title = {A tractable and expressive class of marginal contribution nets and its applications},
	url = {http://cgi.csc.liv.ac.uk/~leslie/papers/mcn.pdf},
	volume = {55},
	year = {2009},
	bdsk-url-1 = {http://cgi.csc.liv.ac.uk/~leslie/papers/mcn.pdf}}

@article{DP94,
	author = {Xiaotie Deng and Christos Harilaos Papadimitriou},
	date-added = {2013-01-07 03:22:12 +0000},
	date-modified = {2013-01-07 03:31:36 +0000},
	journal = {Mathematics of Operations Research},
	month = {May},
	number = {2},
	pages = {257-266},
	title = {On the Complexity of Cooperative Solution Concepts},
	volume = {19},
	year = {1994}}

@article{KZ82b,
	author = {Ehud Kalai and Eitan Zemel},
	date-added = {2013-01-07 03:10:37 +0000},
	date-modified = {2013-01-07 03:12:43 +0000},
	journal = {Mathematics of Operations Research},
	month = {August},
	number = {3},
	pages = {476-478},
	title = {On Totally Balanced Games and Games of Flow},
	url = {http://www.stern.nyu.edu/om/faculty/zemel/SCANNED%20PAPERS-SPR%202004/TotallyBalancedGamesAndGamesOfFlow.pdf},
	volume = {7},
	year = {1982},
	bdsk-url-1 = {http://www.stern.nyu.edu/om/faculty/zemel/SCANNED%20PAPERS-SPR%202004/TotallyBalancedGamesAndGamesOfFlow.pdf}}

@article{KZ82a,
	author = {Ehud Kalai and Eitan Zemel},
	date-added = {2013-01-07 03:04:30 +0000},
	date-modified = {2013-01-07 03:11:06 +0000},
	journal = {Operations Research},
	month = {September},
	number = {5},
	pages = {998-1008},
	title = {Generalized Network Problems Yielding Totally Balanced Games},
	volume = {30},
	year = {1982}}

@inproceedings{LPBR13,
	address = {St. Paul, Minnesota},
	author = {Omer Lev and Maria Polukarov and Yoram Bachrach and Jeffrey S. Rosenschein},
	booktitle = {Proceedings of the 12th International Coference on Autonomous Agents and Multiagent Systems (AAMAS)},
	date-added = {2012-11-12 23:22:06 +0000},
	date-modified = {2016-04-03 22:42:05 +0000},
	month = {May},
	pages = {675-682},
	title = {Mergers and Collusion in All-Pay Auctions and Crowdsourcing Contests},
	url = {http://www.cs.toronto.edu/~omerl/papers/aamas13b.pdf},
	year = {2013},
	bdsk-url-1 = {http://www.cs.toronto.edu/~omerl/papers/aamas13b.pdf}}

@inproceedings{TLLR12,
	address = {Krak{\`o}w, Poland},
	author = {David Robert Martin Thompson and Omer Lev and Kevin Leyton-Brown and Jeffrey S. Rosenschein},
	booktitle = {Proceedings of COMSOC},
	date-added = {2012-11-12 22:55:33 +0000},
	date-modified = {2016-04-03 22:41:15 +0000},
	month = {September},
	pages = {431-442},
	title = {Empirical Aspects of Plurality Election Equilibria},
	url = {http://home.agh.edu.pl/~faliszew/COMSOC-2012/proceedings/paper_27.pdf},
	year = {2012},
	bdsk-url-1 = {http://home.agh.edu.pl/~faliszew/COMSOC-2012/proceedings/paper_27.pdf}}

@inproceedings{CS06,
	address = {Boston, Massachusetts},
	author = {Vincent Conitzer and Tuomas Sandholm},
	booktitle = {Proceedings of the 21st National Conference on Artificial Intelligence (AAAI)},
	date-added = {2012-11-09 12:47:10 +0000},
	date-modified = {2016-01-22 01:30:04 +0000},
	month = {July},
	pages = {627-634},
	title = {Nonexistence of Voting Rules That Are Usually Hard to Manipulate},
	year = {2006}}

@article{PR07,
	author = {Ariel D. Procaccia and Jeffrey S. Rosenschein},
	date-added = {2012-11-09 12:43:25 +0000},
	date-modified = {2012-11-09 12:44:28 +0000},
	journal = {Journal of Artificial Intelligence Research},
	pages = {157-181},
	title = {Junta Distributions and the Average-Case Complexity of Manipulating Elections},
	volume = {28},
	year = {2007}}

@inproceedings{RBMR09,
	address = {Novy Smokovec, High Tatras, Slovakia},
	author = {Ezra Resnick and Yoram Bachrach and Reshef Meir and Jeffrey S. Rosenschein},
	booktitle = {Proceedings of the 34th International Symposium on Mathematical Foundations of Computer Science (MFCS)},
	date-added = {2012-11-08 23:43:50 +0000},
	date-modified = {2016-01-22 00:58:34 +0000},
	month = {August},
	pages = {636-650},
	title = {The Cost of Stability in Network Flow Games},
	year = {2009}}

@inproceedings{BEMPZRR09,
	address = {Paphos, Cyprus},
	author = {Yoram Bachrach and Edith Elkind and Reshef Meir and Dmitrii Pasechnik and Michael Zuckerman and J{\"o}rg Rothe and Jeffrey S. Rosenschein},
	booktitle = {Proceedings of the 2nd International Symposium on Algorithmic Game Theory (SAGT)},
	date-added = {2012-11-08 23:39:58 +0000},
	date-modified = {2012-11-08 23:43:01 +0000},
	month = {October},
	pages = {122-134},
	title = {The Cost of Stability in Coalitional Games},
	year = {2009}}

@article{BR09,
	author = {Yoram Bachrach and Jeffrey S. Rosenschein},
	date-added = {2012-11-08 23:36:49 +0000},
	date-modified = {2012-11-08 23:38:10 +0000},
	journal = {Autonomous Agents and Multi-Agent Systems},
	number = {1},
	pages = {106-132},
	title = {Power in threshold network flow games},
	url = {http://dx.doi.org/10.1007/s10458-008-9057-6},
	volume = {18},
	year = {2009},
	bdsk-url-1 = {http://dx.doi.org/10.1007/s10458-008-9057-6}}

@inproceedings{BRP08,
	address = {Estoril, Portugal},
	author = {Yoram Bachrach and Jeffrey S. Rosenschein and Ely Porat},
	booktitle = {Proceedings of the 7th international joint conference on Autonomous Agents and Multiagent Systems (AAMAS)},
	date-added = {2012-11-08 23:34:15 +0000},
	date-modified = {2016-01-22 01:28:48 +0000},
	month = {May},
	pages = {999-1006},
	title = {Power and Stability in Connectivity Games},
	year = {2008}}

@inproceedings{elkind2015equilibria,
	author = {Elkind, Edith and Markakis, Evangelos and Obraztsova, Svetlana and Skowron, Piotr},
	booktitle = {International Symposium on Algorithmic Game Theory},
	organization = {Springer},
	pages = {110--122},
	title = {Equilibria of plurality voting: Lazy and truth-biased voters},
	year = {2015}}

@inproceedings{BMPRS08,
	address = {Estoril, Portugal},
	author = {Yoram Bachrach and Evangelos Markakis and Ariel D. Procaccia and Jeffrey S. Rosenschein and Amin Saberi},
	booktitle = {Proceedings of the 7th international joint conference on Autonomous Agents and Multiagent Systems (AAMAS)},
	date-added = {2012-11-08 23:29:54 +0000},
	date-modified = {2016-01-22 01:27:41 +0000},
	month = {May},
	pages = {943-950},
	title = {Approximating power indices},
	volume = {2},
	year = {2008}}

@book{PS03,
	author = {Bezalel Peleg and Peter Sudh{\"o}lter},
	date-added = {2012-11-08 23:22:56 +0000},
	date-modified = {2012-11-08 23:25:53 +0000},
	month = {May},
	publisher = {Springer},
	series = {Theory and Decision Library},
	title = {Introduction to the Theory of Cooperative Games},
	year = {2003}}

@book{CEW11,
	author = {Georgios Chalkiadakis and Edith Elkind and Michael Wooldridge},
	date-added = {2012-11-08 23:08:41 +0000},
	date-modified = {2012-11-08 23:12:34 +0000},
	month = {October},
	publisher = {Morgan and Claypool},
	series = {Synthesis Lectures on Artificial Intelligence and Machine Learning},
	title = {Computational Aspects of Cooperative Game Theory},
	year = {2011},
	bdsk-file-1 = {YnBsaXN0MDDSAQIDBFxyZWxhdGl2ZVBhdGhZYWxpYXNEYXRhXxBPLi4vLi4vLi4vLi4vQWNhZGVtaWEvQm9va3MvQ29tcHV0YXRpb25hbCBBc3BlY3RzIG9mIENvb3BlcmF0aXZlIEdhbWUgVGhlb3J5LnBkZk8RAcgAAAAAAcgAAgAADE1hY2ludG9zaCBIRAAAAAAAAAAAAAAAAAAAAAAAAABCRAAB/////x9Db21wdXRhdGlvbmFsIEFzcGUjRkZGRkZGRkYucGRmAAAAAAAAAAAAAAAAAAAAAAAAAAAAAAAAAAAAAAAAAAD/////AAAAAAAAAAAAAAAAAAQAAwAACiBjdQAAAAAAAAAAAAAAAAAFQm9va3MAAAIARS86QWNhZGVtaWE6Qm9va3M6Q29tcHV0YXRpb25hbCBBc3BlY3RzIG9mIENvb3BlcmF0aXZlIEdhbWUgVGhlb3J5LnBkZgAADgBqADQAQwBvAG0AcAB1AHQAYQB0AGkAbwBuAGEAbAAgAEEAcwBwAGUAYwB0AHMAIABvAGYAIABDAG8AbwBwAGUAcgBhAHQAaQB2AGUAIABHAGEAbQBlACAAVABoAGUAbwByAHkALgBwAGQAZgAPABoADABNAGEAYwBpAG4AdABvAHMAaAAgAEgARAASAENBY2FkZW1pYS9Cb29rcy9Db21wdXRhdGlvbmFsIEFzcGVjdHMgb2YgQ29vcGVyYXRpdmUgR2FtZSBUaGVvcnkucGRmAAATAAEvAP//AAAACAANABoAJAB2AAAAAAAAAgEAAAAAAAAABQAAAAAAAAAAAAAAAAAAAkI=}}

@article{CSJ07,
	author = {Vincent Conitzer and Tuomas Sandholm and J{\'e}r{\^o}me Lang},
	date-added = {2012-11-07 03:48:40 +0000},
	date-modified = {2012-11-07 03:50:37 +0000},
	journal = {Journal of the ACM},
	month = {June},
	number = {3},
	pages = {1-33},
	title = {When are elections with few candidates hard to manipulate?},
	volume = {54},
	year = {2007}}

@article{EOS07,
	author = {Benjamin Edelman and Michael Ostrovsky and Michael Schwarz},
	date-added = {2012-10-28 17:48:52 +0000},
	date-modified = {2012-10-28 21:21:13 +0000},
	journal = {The American Economic Review},
	month = {March},
	number = {1},
	pages = {242-259},
	title = {Internet Advertising and the Generalized Second-Price Auction: Selling Billions of Dollars Worth of Keywords},
	url = {http://itu.dk/people/rkva/2011-Spring-EB22/readings/Edelman-etal-GSP-InternetAdvertising.pdf},
	volume = {97},
	year = {2007},
	bdsk-url-1 = {http://itu.dk/people/rkva/2011-Spring-EB22/readings/Edelman-etal-GSP-InternetAdvertising.pdf}}

@article{Mye81,
	author = {Roger B. Myerson},
	date-added = {2012-10-28 17:24:46 +0000},
	date-modified = {2012-10-28 17:24:46 +0000},
	journal = {Mathematics of Operations Research},
	number = {1},
	pages = {58--73},
	title = {Optimal Auction Design},
	volume = {6},
	year = {1981}}

@inproceedings{HN12,
	address = {Valencia, Spain},
	author = {Sergiu Hart and Noam Nisan},
	booktitle = {Proceedings of the 13th ACM Conference on Electronic Commerce (EC)},
	date-added = {2012-09-08 20:53:55 +0000},
	date-modified = {2012-09-08 20:57:38 +0000},
	month = {June},
	pages = {656},
	title = {Approximate revenue maximization with multiple items},
	url = {http://arxiv.org/pdf/1204.1846v1.pdf},
	year = {2012},
	bdsk-url-1 = {http://arxiv.org/pdf/1204.1846v1.pdf}}

@incollection{Tul80,
	author = {Gordon Tullock},
	booktitle = {Toward a theory of the rent-seeking society},
	date-added = {2012-09-07 15:04:55 +0000},
	date-modified = {2012-09-07 15:07:58 +0000},
	editor = {James M. Buchanan and Robert D. Tollison and Gordon Tullock},
	pages = {97-112},
	publisher = {Texas A\&M University Press.},
	title = {Efficient rent-seeking},
	year = {1980}}

@inproceedings{FMT11,
	address = {Singapore},
	author = {Michal Feldman and Reshef Meir and Moshe Tennenholtz},
	booktitle = {Proceedings of the 7th Workshop on Internet and Network Economics (WINE)},
	date-added = {2012-09-07 12:17:46 +0000},
	date-modified = {2012-09-07 12:19:08 +0000},
	month = {December},
	pages = {391-398},
	title = {Revenue Enhancement in Ad Auctions},
	url = {http://www.cs.huji.ac.il/~reshef24/auctions.wine11.pdf},
	year = {2011},
	bdsk-url-1 = {http://www.cs.huji.ac.il/~reshef24/auctions.wine11.pdf}}

@article{Lev11,
	author = {Omer Lev},
	date-added = {2012-09-07 12:14:35 +0000},
	date-modified = {2012-09-07 12:16:57 +0000},
	journal = {Journal of Mathematical Economics},
	month = {December},
	number = {6},
	pages = {718-727},
	title = {A two-dimensional problem of revenue maximization},
	url = {http://www.sciencedirect.com/science/article/pii/S0304406811000796},
	volume = {47},
	year = {2011},
	bdsk-url-1 = {http://www.sciencedirect.com/science/article/pii/S0304406811000796}}

@inproceedings{BPR09,
	address = {Pasadena, California},
	author = {Yoram Bachrach and Ely Porat and Jeffrey S. Rosenschein},
	booktitle = {Proceedings of the 21st International Joint Conference on Artificial Intelligence (IJCAI)},
	date-added = {2012-09-07 10:00:14 +0000},
	date-modified = {2015-04-23 23:13:42 +0000},
	month = {July},
	pages = {2016-2021},
	title = {Sketching Techniques for Collaborative Filtering},
	url = {ftp://ftp.cs.huji.ac.il/users/jeff/ijcai09bachrach.pdf},
	year = {2009},
	bdsk-url-1 = {ftp://ftp.cs.huji.ac.il/users/jeff/ijcai09bachrach.pdf}}

@inproceedings{MRM11,
	address = {Barcelona, Spain},
	author = {Reshef Meir and Jeffrey S. Rosenschein and Enrico Malizia},
	booktitle = {Proceedings of the 22nd International Joint Conference on Artificial Intelligence (IJCAI)},
	date-added = {2012-09-07 09:55:57 +0000},
	date-modified = {2015-04-23 23:13:19 +0000},
	month = {July},
	pages = {301-306},
	title = {Subsidies, Stability, and Restricted Cooperation in Coalitional Games},
	url = {ftp://ftp.cs.huji.ac.il/users/jeff/ijcai11meir.pdf},
	year = {2011},
	bdsk-url-1 = {ftp://ftp.cs.huji.ac.il/users/jeff/ijcai11meir.pdf}}

@inproceedings{MPR08,
	address = {Estoril, Portugal},
	author = {Reshef Meir and Ariel D. Procaccia and Jeffrey S. Rosenschein},
	booktitle = {Proceedings of the 7th International Joint Conference on Autonomous Agents and Multiagent Systems (AAMAS)},
	date-added = {2012-09-07 09:52:38 +0000},
	date-modified = {2015-04-23 23:13:04 +0000},
	month = {May},
	pages = {991-998},
	title = {A Broader Picture of the Complexity of Strategic Behavior in Multi-Winner Elections},
	url = {ftp://ftp.cs.huji.ac.il/users/jeff/aamas08meir.pdf},
	year = {2008},
	bdsk-url-1 = {ftp://ftp.cs.huji.ac.il/users/jeff/aamas08meir.pdf}}

@inproceedings{PRZ07,
	address = {Hyderabad, India},
	author = {Ariel D. Procaccia and Jeffrey S. Rosenschein and Aviv Zohar},
	booktitle = {Proceedings of the 20th International Joint Conference on Artificial Intelligence (IJCAI)},
	date-added = {2012-09-07 09:50:44 +0000},
	date-modified = {2015-04-23 23:14:37 +0000},
	month = {January},
	pages = {1476-1481},
	title = {Multi-Winner Elections: Complexity of Manipulation, Control and Winner-Determination},
	url = {ftp://ftp.cs.huji.ac.il/users/jeff/ijcaia07procaccia.pdf},
	year = {2007},
	bdsk-url-1 = {ftp://ftp.cs.huji.ac.il/users/jeff/ijcaia07procaccia.pdf}}

@inproceedings{DV09,
	address = {Palo Alto, Califronia},
	author = {Dominic DiPalantino and Milan Vojnovi{\'c}},
	booktitle = {Proceedings of the 10th ACM conference on Electronic commerce},
	date-added = {2012-09-07 02:12:41 +0000},
	date-modified = {2015-06-27 22:51:36 +0000},
	month = {July},
	pages = {119-128},
	title = {Crowdsourcing and All-Pay Auctions},
	url = {http://dl.acm.org/citation.cfm?id=1566392},
	year = {2009},
	bdsk-url-1 = {http://dl.acm.org/citation.cfm?id=1566392}}

@inproceedings{LYAC11,
	address = {New-Orleans, Louisiana},
	author = {Tracy Xiao Liu and Jiang Yang and Lada A. Adamic and Yan Chen},
	booktitle = {Proceedings of the American Society for Information Science and Technology},
	date-added = {2012-09-07 02:03:31 +0000},
	date-modified = {2012-09-07 02:14:34 +0000},
	month = {October},
	pages = {1-4},
	title = {Crowdsourcing with All-pay Auctions: a Field Experiment on Taskcn},
	url = {https://mail.asis.org/asist2011/proceedings/submissions/298_FINAL_SUBMISSION.pdf},
	volume = {48},
	year = {2011},
	bdsk-url-1 = {https://mail.asis.org/asist2011/proceedings/submissions/298_FINAL_SUBMISSION.pdf}}

@inproceedings{Arc10,
	address = {Raleigh, North Carolina},
	author = {Nikolay Archak},
	booktitle = {Proceedings of the 19th international conference on World wide web},
	date-added = {2012-09-07 02:00:25 +0000},
	date-modified = {2012-09-07 02:01:48 +0000},
	pages = {21-30},
	series = {WWW 2010},
	title = {Money, glory and cheap talk: analyzing strategic behavior of contestants in simultaneous crowdsourcing contests on TopCoder.com},
	url = {http://pages.stern.nyu.edu/~narchak/wfp0004-archak.pdf},
	year = {2010},
	bdsk-url-1 = {http://pages.stern.nyu.edu/~narchak/wfp0004-archak.pdf}}

@inproceedings{AS09,
	address = {Phoenix, Arizona},
	author = {Nikolay Archak and Arun Sundararajan},
	booktitle = {Proceedings of the 13th International Conference on Information Systems},
	date-added = {2012-09-07 01:52:35 +0000},
	date-modified = {2015-06-27 22:59:42 +0000},
	series = {ICIS},
	title = {Optimal Design of Crowdsourcing Contests},
	url = {http://pages.stern.nyu.edu/~narchak/optimalCrowdsourcingDesign.pdf},
	year = {2009},
	bdsk-url-1 = {http://pages.stern.nyu.edu/~narchak/optimalCrowdsourcingDesign.pdf}}

@inproceedings{CHS12,
	address = {Kyoto, Japan},
	author = {Shuchi Chawla and Jason D. Hartline and Balasubramanian Sivan},
	booktitle = {Proceedings of the 23rd Annual ACM-SIAM Symposium on Discrete Algorithms (SODA)},
	date-added = {2012-09-07 01:46:27 +0000},
	date-modified = {2013-01-29 01:43:38 +0000},
	pages = {856-868},
	publisher = {SIAM},
	title = {Optimal crowdsourcing contests},
	url = {http://arxiv.org/pdf/1111.2893.pdf},
	year = {2012},
	bdsk-url-1 = {http://arxiv.org/pdf/1111.2893.pdf}}

@article{How06,
	author = {Jeff Howe},
	date-added = {2012-09-07 00:07:36 +0000},
	date-modified = {2012-09-07 00:16:08 +0000},
	journal = {Wired Magazine},
	month = {June},
	number = {6},
	title = {The Rise of Crowdsourcing},
	url = {http://mslab.kaist.ac.kr/twiki/pub/Main/HyanghongKang/Howe_The_Rise_of_Crowdsourcing.pdf},
	volume = {14},
	year = {2006},
	bdsk-url-1 = {http://mslab.kaist.ac.kr/twiki/pub/Main/HyanghongKang/Howe_The_Rise_of_Crowdsourcing.pdf}}

@inproceedings{BL07,
	author = {James Bennett and Stan Lanning},
	booktitle = {Proceedings of KDD Cup and Workshop},
	date-added = {2012-09-06 23:37:28 +0000},
	date-modified = {2016-01-18 04:43:35 +0000},
	title = {The {N}etflix Prize},
	url = {http://brettb.net/project/papers/2007%20The%20Netflix%20Prize.pdf},
	year = {2007},
	bdsk-url-1 = {http://brettb.net/project/papers/2007%20The%20Netflix%20Prize.pdf}}

@article{Var07,
	author = {Hal R. Varian},
	date-added = {2012-09-06 22:49:46 +0000},
	date-modified = {2012-09-06 22:52:38 +0000},
	journal = {International Journal of Industrial Organization},
	pages = {1163--1178},
	title = {Position auctions},
	url = {http://citeseerx.ist.psu.edu/viewdoc/download?doi=10.1.1.142.2841&rep=rep1&type=pdf},
	volume = {25},
	year = {2007},
	bdsk-url-1 = {http://citeseerx.ist.psu.edu/viewdoc/download?doi=10.1.1.142.2841&rep=rep1&type=pdf}}

@book{NRTV07,
	date-added = {2012-09-04 23:59:54 +0000},
	date-modified = {2012-09-05 00:36:48 +0000},
	editor = {Noam Nisan and Tim Roughgarden and Eva Tardos and Vijay V. Vazirani},
	publisher = {Cambridge University Press},
	title = {Algorithmic Game Theory},
	url = {http://www.cambridge.org/journals/nisan/downloads/Nisan_Non-printable.pdf},
	year = {2007},
	bdsk-url-1 = {http://www.cambridge.org/journals/nisan/downloads/Nisan_Non-printable.pdf}}

@inproceedings{GBKG12,
	address = {Toronto, Canada},
	author = {Xi Alice Gao and Yoram Bachrach and Peter Key and Thore Graepel},
	booktitle = {Proceedings of the 26th National Conference on Artificial Intelligence (AAAI)},
	date-added = {2012-07-16 22:40:43 +0000},
	date-modified = {2012-09-07 10:30:31 +0000},
	month = {June},
	title = {Quality Expectation-Variance Tradeoffs in Crowdsourcing Contests},
	url = {http://www.people.fas.harvard.edu/~xagao/papers/authorcritic_AIW2012.pdf},
	year = {2012},
	bdsk-url-1 = {http://www.people.fas.harvard.edu/~xagao/papers/authorcritic_AIW2012.pdf}}

@book{Duv54,
	author = {Maurice Duverger},
	date-added = {2012-07-01 15:33:26 +0000},
	date-modified = {2015-07-13 22:50:53 +0000},
	publisher = {Methuen Publishing},
	title = {Political Parties: Their Organization and Activity in the Modern State},
	year = {1954}}

@article{Gib77,
	author = {Allan Gibbard},
	date-added = {2012-07-01 15:16:49 +0000},
	date-modified = {2012-07-01 15:18:05 +0000},
	journal = {Econometrica},
	month = {April},
	number = {3},
	pages = {665-681},
	title = {Manipulation of Schemes that Mix Voting with Chance},
	volume = {45},
	year = {1977}}

@misc{KK12,
	author = {Bettina Klose and Dan Kovenock},
	date-added = {2012-05-31 04:38:56 +0000},
	date-modified = {2015-07-05 14:25:39 +0000},
	howpublished = {Fourth Congress of the Game Theory Society (GAMES), Istanbul, Turkey},
	month = {July},
	title = {Moderating Alliances},
	year = {2012}}

@article{MR03,
	author = {Eric Maskin and John Riley},
	date-added = {2012-05-31 03:48:04 +0000},
	date-modified = {2012-09-07 01:34:39 +0000},
	journal = {Games and Economic Behavior},
	month = {November},
	number = {2},
	pages = {395-409},
	title = {Uniqueness of equilibrium in sealed high-bid auctions},
	url = {http://www.sciencedirect.com/science/article/pii/S0899825603001507},
	volume = {45},
	year = {2003},
	bdsk-url-1 = {http://www.sciencedirect.com/science/article/pii/S0899825603001507}}

@article{BF11,
	author = {Omer Biran and Fran{\c c}oise Forges},
	date-added = {2012-05-31 02:09:47 +0000},
	date-modified = {2012-05-31 02:11:15 +0000},
	journal = {Games and Economic Behavior},
	month = {September},
	number = {1},
	pages = {52-64},
	title = {Core-stable rings in auctions with independent private values},
	volume = {73},
	year = {2011}}

@article{MM07,
	author = {Robert C. Marshall and Leslie M. Marx},
	date-added = {2012-05-31 02:04:27 +0000},
	date-modified = {2012-09-07 14:11:07 +0000},
	journal = {Journal of Economic Theory},
	month = {March},
	number = {1},
	pages = {374-402},
	title = {Bidder collusion},
	url = {http://econ.la.psu.edu/people/biographies/marshallpaper/biddercollusion.pdf},
	volume = {133},
	year = {2007},
	bdsk-url-1 = {http://econ.la.psu.edu/people/biographies/marshallpaper/biddercollusion.pdf}}

@article{CDRS93,
	author = {Kalyan Chatterjee and Bhaskar Dutta and Debraj Ray and Kunal Sengupta},
	date-added = {2012-05-31 01:55:53 +0000},
	date-modified = {2012-05-31 01:57:02 +0000},
	journal = {The Review of Economic Studies},
	month = {April},
	number = {2},
	pages = {463-477},
	title = {A Noncooperative Theory of Coalitional Bargaining},
	volume = {60},
	year = {1993}}

@techreport{AC03,
	author = {Atila Abdulkadiro\u{g}lu and Kim-Sau Chung},
	date-added = {2012-05-31 01:28:03 +0000},
	date-modified = {2012-05-31 01:35:13 +0000},
	institution = {Columbia and Northwestern},
	title = {Auction Design with Tacit Collusion},
	type = {Working Paper},
	year = {2003}}

@article{FBN85,
	author = {Jonathan S. Feinstein and Michael K. Block and Frederick C. Nold},
	date-added = {2012-05-31 01:15:05 +0000},
	date-modified = {2012-05-31 01:16:14 +0000},
	journal = {The American Economic Review},
	month = {June},
	number = {3},
	pages = {441-460},
	title = {Asymmetric Information and Collusive Behavior in Auction Markets},
	volume = {75},
	year = {1985}}

@book{Kle04,
	author = {Paul Klemperer},
	date-added = {2012-05-31 00:41:50 +0000},
	date-modified = {2012-05-31 00:43:18 +0000},
	publisher = {Princeton University Press},
	series = {The Toulouse Lectures in Economics},
	title = {Auctions: Theory and Practice},
	year = {2004}}

@article{BKV93,
	author = {Michael R. Baye and Dan Kovenock and Casper G. de Vries},
	date-added = {2012-05-31 00:37:54 +0000},
	date-modified = {2012-09-07 01:29:17 +0000},
	journal = {The American Economic Review},
	month = {March},
	number = {1},
	pages = {289-294},
	title = {Rigging the Lobbying Process: An Application of the All-Pay Auction},
	url = {http://www.jstor.org/discover/10.2307/2117512?uid=3738240&uid=2129&uid=2&uid=70&uid=4&sid=21101169216041},
	volume = {83},
	year = {1993},
	bdsk-url-1 = {http://www.jstor.org/discover/10.2307/2117512?uid=3738240&uid=2129&uid=2&uid=70&uid=4&sid=21101169216041}}

@article{HR89,
	author = {Arye L. Hillman and John G. Riley},
	date-added = {2012-05-30 23:31:13 +0000},
	date-modified = {2012-09-07 01:33:32 +0000},
	journal = {Economics \& Politics},
	month = {March},
	number = {1},
	pages = {17-39},
	title = {Politically Contestable Rents and Transfers},
	url = {http://onlinelibrary.wiley.com/doi/10.1111/j.1468-0343.1989.tb00003.x/abstract;jsessionid=2A502484A143F5DA35986003740E5D1C.d02t02},
	volume = {1},
	year = {1989},
	bdsk-url-1 = {http://onlinelibrary.wiley.com/doi/10.1111/j.1468-0343.1989.tb00003.x/abstract;jsessionid=2A502484A143F5DA35986003740E5D1C.d02t02}}

@article{HKM02,
	author = {Steffen Huck and Kai A. Konrad and Wieland M{\"u}ller},
	date-added = {2012-05-30 23:14:16 +0000},
	date-modified = {2012-09-07 14:10:27 +0000},
	journal = {Journal of Institutional and Theoretical Economics},
	month = {December},
	number = {4},
	pages = {563-575},
	title = {Merger and Collusion in Contests},
	url = {http://arno.uvt.nl/show.cgi?fid=81514},
	volume = {158},
	year = {2002},
	bdsk-url-1 = {http://arno.uvt.nl/show.cgi?fid=81514}}

@article{BKV96,
	author = {Michael R. Baye and Dan Kovenock and Casper G. de Vries},
	date-added = {2012-05-30 19:06:11 +0000},
	date-modified = {2012-09-07 01:30:43 +0000},
	journal = {Economic Theory},
	month = {August},
	number = {2},
	pages = {291-305},
	title = {The all-pay auction with complete information},
	url = {http://repub.eur.nl/res/pub/12406/TheAllPayAuction_1996.pdf},
	volume = {8},
	year = {1996},
	bdsk-url-1 = {http://repub.eur.nl/res/pub/12406/TheAllPayAuction_1996.pdf}}

@inproceedings{XC10,
	address = {Atlanta, Georgia},
	author = {Lirong Xia and Vincent Conitzer},
	booktitle = {Proceedings of the 24th National Conference on Artificial Intelligence (AAAI)},
	date-added = {2012-05-15 10:04:23 +0000},
	date-modified = {2012-09-07 10:03:33 +0000},
	pages = {805-810},
	title = {Stackelberg Voting Games: Computational Aspects and Paradoxes},
	year = {2010}}

@techreport{MP11,
	author = {Matthias Messner and Mattias K. Polborn},
	date-added = {2012-05-14 23:51:24 +0000},
	date-modified = {2016-01-18 04:52:30 +0000},
	institution = {IGIER (Innocenzo Gasparini Institute for Economic Research), Bocconi University},
	number = {380},
	title = {Miscounts, {D}uverger's Law and {D}uverger's Hypothesis},
	year = {2011}}

@book{Kri02,
	author = {Vijay Krishna},
	date-added = {2012-03-18 18:00:36 +0000},
	date-modified = {2012-03-18 18:00:36 +0000},
	publisher = {Academic Press},
	title = {Auction Theory},
	year = {2002}}

@inproceedings{Pro10,
	address = {Atlanta, Georgia},
	author = {Ariel D. Procaccia},
	booktitle = {Proceedings of the 24th National Conference on Artificial Intelligence (AAAI)},
	date-added = {2012-01-18 10:13:52 +0000},
	date-modified = {2012-09-07 10:03:11 +0000},
	month = {July},
	pages = {836--841},
	title = {Can Approximation Circumvent {G}ibbard-{S}atterthwaite?},
	year = {2010}}

@inproceedings{ELO08,
	address = {Amsterdam, The Netherlands},
	author = {Bruno Escoffier and J{\'e}r{\^o}me Lang and Meltem {\"O}zt{\"u}rk},
	booktitle = {Proceedings of the 18th European Conference on Artificial Intelligence (ECAI)},
	date-added = {2012-01-18 10:08:44 +0000},
	date-modified = {2015-05-19 17:18:20 +0000},
	pages = {366-370},
	publisher = {IOS Press},
	title = {Single-peaked consistency and its complexity},
	year = {2008}}

@inproceedings{ZPR08,
	address = {San Francisco, California},
	author = {Michael Zuckerman and Ariel D. Procaccia and Jeffrey S. Rosenschein},
	booktitle = {Proceedings of the 19th Annual ACM-SIAM Symposium on Discrete Algorithms (SODA)},
	date-added = {2012-01-18 10:00:44 +0000},
	date-modified = {2014-10-29 22:53:27 +0000},
	pages = {277-286},
	title = {Algorithms for the coalitional manipulation problem},
	url = {ftp://ftp.cs.huji.ac.il/users/jeff/aij07zuckerman.pdf},
	year = {2008},
	bdsk-url-1 = {ftp://ftp.cs.huji.ac.il/users/jeff/aij07zuckerman.pdf}}

@inproceedings{ZLR11,
	address = {Taipei, Taiwan},
	author = {Michael Zuckerman and Omer Lev and Jeffrey S. Rosenschein},
	booktitle = {Proceedings of the 10th International Joint Conference on Autonomous Agents and Multiagent Systems (AAMAS)},
	date-added = {2012-01-18 09:52:55 +0000},
	date-modified = {2016-04-03 22:40:43 +0000},
	month = {May},
	pages = {845-852},
	title = {An Algorithm for the Coalitional Manipulation Problem under Maximin},
	url = {http://www.cs.toronto.edu/~omerl/papers/aamas11.pdf},
	year = {2011},
	bdsk-url-1 = {ftp://ftp.cs.huji.ac.il/users/jeff/aamas11zuckerman.pdf},
	bdsk-url-2 = {http://www.cs.toronto.edu/~omerl/papers/aamas11.pdf}}

@article{BO91,
	author = {John J. {Bartholdi III} and James B. Orlin},
	date-added = {2012-01-18 09:49:58 +0000},
	date-modified = {2015-04-23 23:10:09 +0000},
	journal = {Social Choice and Welfare},
	number = {4},
	pages = {341-354},
	title = {Single transferable vote resists strategic voting},
	volume = {8},
	year = {1991}}

@inproceedings{DE10,
	address = {Cambridge, Massachusetts},
	author = {Yvo Desmedt and Edith Elkind},
	booktitle = {Proceedings of the 11th ACM conference on Electronic Commerce (EC)},
	date-added = {2012-01-18 04:04:57 +0000},
	date-modified = {2016-01-22 01:26:04 +0000},
	month = {June},
	pages = {347-356},
	title = {Equilibria of plurality voting with abstentions},
	year = {2010}}

@article{FP97,
	author = {Timothy Feddersen and Wolfgang Pesendorfer},
	date-added = {2012-01-18 03:53:18 +0000},
	date-modified = {2012-01-18 03:54:07 +0000},
	journal = {Econometrica},
	month = {September},
	number = {5},
	pages = {1029-1058},
	title = {Voting Behavior and Information Aggregation in Elections With Private Information},
	volume = {65},
	year = {1997}}

@article{MW76,
	author = {Richard D. McKelvey and Richard E. Wendell},
	date-added = {2012-01-18 03:48:28 +0000},
	date-modified = {2012-01-24 13:54:58 +0000},
	journal = {Mathematics of Operations Research},
	month = {May},
	number = {2},
	pages = {144-158},
	title = {Voting Equilibria in Multidimensional Choice Spaces},
	volume = {1},
	year = {1976}}

@techreport{KW10,
	author = {Kei Kawai and Yasutora Watanabe},
	date-added = {2012-01-18 03:00:58 +0000},
	date-modified = {2012-01-18 03:11:21 +0000},
	howpublished = {Mimeo},
	institution = {Northwestern},
	title = {Inferring Strategic Voting},
	year = {2010}}

@article{Sin01,
	author = {Francesco {De Sinopoli}},
	date-added = {2012-01-18 02:58:51 +0000},
	date-modified = {2012-01-18 12:34:59 +0000},
	journal = {Games and Economic Behavior},
	month = {February},
	number = {2},
	pages = {270-286},
	title = {On the Generic Finiteness of Equilibrium Outcomes in Plurality Games},
	volume = {34},
	year = {2001}}

@inproceedings{LR12,
	address = {Valencia, Spain},
	author = {Omer Lev and Jeffrey S. Rosenschein},
	booktitle = {Proceedings of the 11th International Conference on Autonomous Agents and Multiagent Systems (AAMAS)},
	date-added = {2012-01-16 11:28:44 +0000},
	date-modified = {2016-04-03 23:06:43 +0000},
	month = {June},
	pages = {611-618},
	title = {Convergence of Iterative Voting},
	url = {http://www.cs.toronto.edu/~omerl/papers/aamas12.pdf},
	volume = {2},
	year = {2012},
	bdsk-url-1 = {http://www.cs.toronto.edu/~omerl/papers/aamas12.pdf}}

@inproceedings{HE10,
	address = {Athens, Greece},
	author = {Noam Hazon and Edith Elkind},
	booktitle = {Proceedings of the 3rd International Symposium on Algorithmic Game Theory (SAGT)},
	date-added = {2011-09-26 19:12:50 +0000},
	date-modified = {2013-06-10 10:39:28 +0000},
	month = {October},
	pages = {210-221},
	title = {Complexity of Safe Strategic Voting},
	year = {2010}}

@inproceedings{SW08,
	author = {Arkadii Slinko and Shaun White},
	booktitle = {Proceedings of COMSOC},
	date-added = {2011-09-26 19:07:31 +0000},
	date-modified = {2012-09-07 10:31:56 +0000},
	pages = {403-414},
	title = {Non-dictatorial Social Choice Rules Are Safely Manipulable},
	year = {2008}}

@inproceedings{BEKKT11,
	author = {Larry Blume and David A. Easley and Jon M. Kleinberg and Robert D. Kleinberg and {\'E}va Tardos},
	booktitle = {ACM Conference on Electronic Commerce '11},
	date-added = {2011-09-26 15:12:35 +0000},
	date-modified = {2012-01-24 13:56:01 +0000},
	pages = {1-10},
	title = {Network formation in the presence of contagious risk},
	year = {2011}}

@article{HLO72,
	author = {Melvin J. Hinich and John O. Ledyard and Peter C. Ordeshook},
	date-added = {2011-02-08 01:01:01 +0200},
	date-modified = {2011-02-08 01:02:09 +0200},
	journal = {Journal of Economic Theory},
	month = {April},
	number = {2},
	pages = {144-153},
	title = {Nonvoting and the existence of equilibrium under majority rule},
	volume = {4},
	year = {1972}}

@article{MW93,
	author = {Roger B. Myerson and Robert J. Weber},
	date-added = {2011-02-07 18:32:16 +0200},
	date-modified = {2011-02-07 18:33:39 +0200},
	journal = {The American Political Science Review},
	month = {March},
	number = {1},
	pages = {102-114},
	title = {A Theory of Voting Equilibria},
	volume = {87},
	year = {1993}}

@inproceedings{AE09,
	address = {Venice, Italy},
	author = {St{\'e}phane Airiau and Ulle Endriss},
	booktitle = {Proceedings of the 1st International Conference on Algorithmic Decision Theory (ADT)},
	date-added = {2011-02-07 18:19:42 +0200},
	date-modified = {2015-06-07 18:33:44 +0000},
	month = {October},
	pages = {38-49},
	title = {Iterated Majority Voting},
	year = {2009}}

@inproceedings{CPP04,
	address = {Lisbon, Portugal},
	author = {Samir Chopra and Eric Pacuit and Rohit Parikh},
	booktitle = {Proceedings of 9th European Conference on Logics in Artificial Intelligence (JELIA)},
	date-added = {2011-02-07 18:05:21 +0200},
	date-modified = {2015-05-31 02:04:56 +0000},
	month = {September},
	pages = {18-30},
	title = {Knowledge-Theoretic Properties of Strategic Voting},
	year = {2004}}

@article{EJ96,
	author = {Eithan Ephrati and Jeffrey S. Rosenschein},
	date-added = {2011-02-07 18:02:04 +0200},
	date-modified = {2011-02-07 18:03:19 +0200},
	journal = {Artificial Intelligence},
	month = {November},
	number = {1-2},
	pages = {21-74},
	title = {Deriving consensus in multiagent systems},
	volume = {87},
	year = {1996}}

@article{DL04,
	author = {Amrita Dhillon and Ben Lockwood},
	date-added = {2011-02-07 17:55:21 +0200},
	date-modified = {2011-02-07 17:55:58 +0200},
	journal = {Games and Economic Behavior},
	month = {January},
	number = {1},
	pages = {55-75},
	title = {When are plurality rule voting games dominance-solvable?},
	volume = {46},
	year = {2004}}

@article{MP07,
	author = {Matthias Messner and Mattias K. Polborn},
	date-added = {2011-02-07 17:38:19 +0200},
	date-modified = {2011-02-08 03:03:51 +0200},
	journal = {International Journal of Game Theory},
	number = {2},
	pages = {287-314},
	title = {Strong and coalition-proof political equilibria under plurality and runoff rule},
	volume = {35},
	year = {2007}}

@article{She79,
	author = {Kenneth A. Shepsle},
	date-added = {2011-02-07 17:36:06 +0200},
	date-modified = {2011-02-08 04:33:59 +0200},
	journal = {American Journal of Political Science},
	month = {February},
	number = {1},
	pages = {27-59},
	title = {Institutional Arrangements and Equilibrium in Multidimensional Voting Models},
	volume = {23},
	year = {1979}}

@article{Tre98,
	author = {Pierre de Trenqualye},
	date-added = {2011-02-07 17:26:01 +0200},
	date-modified = {2016-10-11 55:32:29 AM +0000},
	journal = {Social Choice and Welfare},
	number = {1},
	pages = {141-159},
	title = {An extension of {B}owen's dynamic voting rule to many dimensions},
	volume = {15},
	year = {1998}}

@article{FSW90,
	author = {Timothy J. Feddersen and Itai Sened and Stephen G. Wright},
	date-added = {2011-02-07 17:22:41 +0200},
	date-modified = {2011-02-07 17:23:58 +0200},
	journal = {American Journal of Political Science},
	month = {November},
	number = {4},
	pages = {1005-1016},
	title = {Rational Voting and Candidate Entry under Plurality Rule},
	volume = {34},
	year = {1990}}

@incollection{Laf87,
	author = {Jean-Jacques Laffont},
	booktitle = {Handbook of Public Economics},
	chapter = {10},
	date-added = {2011-02-07 16:43:46 +0200},
	date-modified = {2015-07-01 13:27:14 +0000},
	editor = {Alan J. Auerbach and Martin Feldstein},
	month = {April},
	pages = {537-569},
	publisher = {Elsevier},
	series = {Handbook of Public Economics},
	title = {Incentives and the allocation of public goods},
	volume = {2},
	year = {1987}}

@inproceedings{XZPCR09,
	address = {Pasadena, California},
	author = {Lirong Xia and Michael Zuckerman and Ariel D. Procaccia and Vincent Conitzer and Jeffrey S. Rosenschein},
	booktitle = {Proceedings of the 21st International Joint Conference on Artificial Intelligence (IJCAI)},
	date-added = {2011-02-04 03:49:18 +0200},
	date-modified = {2015-04-23 23:13:54 +0000},
	month = {July},
	pages = {348-353},
	title = {Complexity of Unweighted Coalitional Manipulation Under Some Common Voting Rules},
	url = {ftp://ftp.cs.huji.ac.il/users/jeff/ijcai09xia.pdf},
	year = {2009},
	bdsk-url-1 = {ftp://ftp.cs.huji.ac.il/users/jeff/ijcai09xia.pdf}}

@inproceedings{MPRJ10,
	address = {Atlanta},
	author = {Reshef Meir and Maria Polukarov and Jeffrey S. Rosenschein and Nicholas R. Jennings},
	booktitle = {Proceedings of the 24th National Conference on Artificial Intelligence (AAAI)},
	date-added = {2011-02-02 03:49:12 +0200},
	date-modified = {2012-07-03 19:45:51 +0000},
	month = {July},
	pages = {823-828},
	title = {Convergence to Equilibria of Plurality Voting},
	year = {2010}}

@article{BTT89,
	author = {John J. {Bartholdi III} and Craig A. Tovey and Michael A. Trick},
	date-added = {2011-02-02 03:41:17 +0200},
	date-modified = {2011-02-08 04:36:38 +0200},
	journal = {Social Choice and Welfare},
	number = {3},
	pages = {227-241},
	title = {The Computational Difficulty of Manipulating an Election},
	volume = {6},
	year = {1989}}

@article{Sat75,
	author = {Mark Allen Satterthwaite},
	date-added = {2011-02-02 02:22:01 +0200},
	date-modified = {2011-10-11 08:28:51 +0000},
	journal = {Journal of Economic Theory},
	month = {April},
	number = {2},
	pages = {187-217},
	title = {Strategy-proofness and {A}rrow's conditions: Existence and correspondence theorems for voting procedures and social welfare functions},
	volume = {10},
	year = {1975}}

@article{Gib73,
	author = {Allan Gibbard},
	date-added = {2011-02-02 02:19:06 +0200},
	date-modified = {2011-02-08 04:32:06 +0200},
	journal = {Econometrica},
	month = {July},
	number = {4},
	pages = {587-602},
	title = {Manipulation of voting schemes},
	volume = {41},
	year = {1973}}

@article{anderson1998rent,
	author = {Anderson, S.P. and Goeree, J.K. and Holt, C.A.},
	journal = {Journal of Political Economy},
	number = {4},
	pages = {828--853},
	publisher = {JSTOR},
	title = {Rent seeking with bounded rationality: An analysis of the all-pay auction},
	volume = {106},
	year = {1998}}

@article{BE88,
	author = {Richard F. Beltramini and Kenneth R. Evans},
	date-modified = {2015-06-22 01:10:43 +0000},
	journal = {The Journal of Personal Selling and Sales Management},
	pages = {35--42},
	publisher = {JSTOR},
	title = {Salesperson motivation to perform and job satisfaction: a sales contest participant perspective},
	year = {1988}}

@article{Den96,
	author = {Vincenzo Denicolo},
	date-modified = {2015-06-28 15:51:08 +0000},
	journal = {The Journal of Industrial Economics},
	pages = {249-265},
	title = {Patent races and optimal patent breadth and length},
	year = {1996}}

@article{baye2003strategic,
	author = {Michael R. Baye and Hoppe, H.C.},
	date-modified = {2013-07-31 04:58:42 +0000},
	journal = {Games and Economic Behavior},
	number = {2},
	pages = {217--226},
	publisher = {Elsevier},
	title = {The strategic equivalence of rent-seeking, innovation, and patent-race games},
	volume = {44},
	year = {2003}}

@article{LGE10,
	author = {Karim R. Lakhani and David A. Garvin and Eric Lonstein},
	date-modified = {2015-06-23 01:15:13 +0000},
	journal = {Harvard Business Review},
	title = {TopCoder (A): Developing software through crowdsourcing},
	year = {2010}}
