@book{lewis13,
  title={Counterfactuals},
  author={Lewis, David},
  year={2013},
  publisher={John Wiley \& Sons}
}
@inproceedings{nt20aaai,
author    = {Pavel Naumov and Jia Tao},
  title     = {Blameworthiness in Security Games},
  booktitle = {Proceedings of Thirty-Fourth AAAI Conference on Artificial Intelligence (AAAI-20)},
  year      = {2020}
}
@book{o90mapsinamirror,
  title={Maps in a Mirror: the Short Fiction of Orson Scott Card},
  author={ Orson Scott Card},
  year={1990},
  publisher={Easton Press}
}
@book{m15uprightbeast,
  title={Upright Beasts},
  author={Lincoln  Michel},
  year={2015},
  publisher={Coffee House Press}
}
@misc{m14masterreview,
  author={Lincoln  Michel},
  title = {The Vocabulary of Fear},
  howpublished = {\url{https://mastersreview.com/lincoln-michel-on-the-vocabulary-of-fear}},
  year={2014},
  note = {Accessed: 2019-11-10}
}
@article{ny19arxiv,
  title={Ethical Dilemmas of Strategic Coalitions},
  author={Pavel Naumov, Rui-Jie Yew},
  journal={arXiv:1911.00786},
  year={2019}
}
@article{nt19arxiv,
  title={Blameworthiness in Security Games},
  author={Pavel Naumov and Jia Tao},
  journal={arXiv:1910.08647},
  year={2019}
}
@book{v66gothic,
  title={Gothic flame: being a history of the Gothic novel in England},
  author={Varma, Devendra P},
  year={1966},
  publisher={Russell \& Russell Publishers}
}
@inproceedings{gj19lori,
  title={Towards a Logic for Conditional Local Strategic Reasoning},
  author={Goranko, Valentin and Ju, Fengkui},
  booktitle={International Workshop on Logic, Rationality and Interaction},
  pages={112--125},
  year={2019},
  organization={Springer}
}
@article{aj14cacm,
  title={Using targeted conferences to recruit women into computer science},
  author={Alvarado, Christine and Judson, Eugene},
  journal={Communications of the ACM},
  volume={57},
  number={3},
  pages={70--77},
  year={2014},
  publisher={Association for Computing Machinery (ACM)}
}
@incollection{lwbbbt13dmi,
  title={Counter-factual reinforcement learning: How to model decision-makers that anticipate the future},
  author={Lee, Ritchie and Wolpert, David H and Bono, James and Backhaus, Scott and Bent, Russell and Tracey, Brendan},
  booktitle={Decision making and imperfection},
  pages={101--128},
  year={2013},
  publisher={Springer}
}
@article{bpqccprss13jmld,
  title={Counterfactual reasoning and learning systems: The example of computational advertising},
  author={Bottou, L{\'e}on and Peters, Jonas and Qui{\~n}onero-Candela, Joaquin and Charles, Denis X and Chickering, D Max and Portugaly, Elon and Ray, Dipankar and Simard, Patrice and Snelson, Ed},
  journal={The Journal of Machine Learning Research},
  volume={14},
  number={1},
  pages={3207--3260},
  year={2013},
  publisher={JMLR.org}
}
@article{h94jpl,
  title={Moral dilemmas and nonmonotonic logic},
  author={Horty, John F},
  journal={Journal of philosophical logic},
  volume={23},
  number={1},
  pages={35--65},
  year={1994},
  publisher={Springer}
}
@inproceedings{bbg15lpar,
  title={Modelling moral reasoning and ethical responsibility with logic programming},
  author={Berreby, Fiona and Bourgne, Gauvain and Ganascia, Jean-Gabriel},
  booktitle={Logic for programming, artificial intelligence, and reasoning},
  pages={532--548},
  year={2015},
  organization={Springer}
}
@article{kkk14jpr,
  title={``Granny dumping'': Acceptability of sacrificing the elderly in a simulated moral dilemma},
  author={Kawai, Nobuyuki and Kubo, Kenta and Kubo-Kawai, Namiko},
  journal={Japanese Psychological Research},
  volume={56},
  number={3},
  pages={254--262},
  year={2014},
  publisher={Wiley Online Library}
}
@article{bnbrb10jsecp,
  title={Evolution and the trolley problem: People save five over one unless the one is young, genetically related, or a romantic partner.},
  author={Bleske-Rechek, April and Nelson, Lyndsay A and Baker, Jonathan P and Remiker, Mark W and Brandt, Sarah J},
  journal={Journal of Social, Evolutionary, and Cultural Psychology},
  volume={4},
  number={3},
  pages={115},
  year={2010},
  publisher={North Eastern Evolutionary Psychology Society}
}
@article{ikos00crsp,
  title={Gender differences in moral judgement: is non-consequential reasoning a factor},
  author={Indick, William and Kim, John and Oelberger, Beth and Semino, Lauren},
  journal={Current Research in Social Psychology},
  volume={5},
  number={20},
  pages={285--298},
  year={2000}
}
@article{cqlz09bp,
  title={Spatiotemporal cortical activation underlying dilemma decision-making: an event-related potential study},
  author={Chen, Peifeng and Qiu, Jiang and Li, Hong and Zhang, Qinglin},
  journal={Biological Psychology},
  volume={82},
  number={2},
  pages={111--115},
  year={2009},
  publisher={Elsevier}
}
@inproceedings{ps11hci,
  title={Confronting a moral dilemma in virtual reality: a pilot study},
  author={Pan, Xueni and Slater, Mel},
  booktitle={Proceedings of the 25th BCS Conference on Human-Computer Interaction},
  pages={46--51},
  year={2011},
  organization={British Computer Society}
}
@article{mm14ehb,
  title={Does it matter who pulls the switch? Perceptions of intentions in the trolley dilemma},
  author={Marczyk, Jesse and Marks, Michael J},
  journal={Evolution and Human Behavior},
  volume={35},
  number={4},
  pages={272--278},
  year={2014},
  publisher={Elsevier}
}
@article{nmma12emotion,
  title={Virtual morality: Emotion and action in a simulated three-dimensional ``trolley problem''.},
  author={Navarrete, C David and McDonald, Melissa M and Mott, Michael L and Asher, Benjamin},
  journal={Emotion},
  volume={12},
  number={2},
  pages={364},
  year={2012},
  publisher={American Psychological Association}
}
@article{bb14philosophia,
  title={A review and systematization of the trolley problem},
  author={Bruers, Stijn and Braeckman, Johan},
  journal={Philosophia},
  volume={42},
  number={2},
  pages={251--269},
  year={2014},
  publisher={Springer}
}
@techreport{ec17fmtdi,
     title = {Automated and Connected Driving},
     author = {Ethics Commission},
     year = {2017},
     institution = {German Federal Ministry of Transport and Digital Infrastructure},
     month = {06},
     url={https://www.bmvi.de/SharedDocs/EN/publications/report-ethics-commission.pdf?__blob=publicationFile}
}
@article{r03joe,
  title={Setting biomedical research priorities in the 21st century},
  author={Resnik, David B},
  journal={AMA Journal of Ethics},
  volume={5},
  number={7},
  pages={211--214},
  year={2003},
  publisher={American Medical Association}
}
@incollection{l16ad,
  title={Why ethics matters for autonomous cars},
  author={Lin, Patrick},
  booktitle={Autonomous driving},
  pages={69--85},
  year={2016},
  publisher={Springer, Berlin, Heidelberg}
}
@article{ns16etmp,
  title={The ethics of accident-algorithms for self-driving cars: An applied trolley problem?},
  author={Nyholm, Sven and Smids, Jilles},
  journal={Ethical theory and moral practice},
  volume={19},
  number={5},
  pages={1275--1289},
  year={2016},
  publisher={Springer}
}
@article{a10clsr,
  title={Public security versus privacy in technology law: A balancing act?},
  author={Aquilina, Kevin},
  journal={Computer Law \& Security Review},
  volume={26},
  number={2},
  pages={130--143},
  year={2010},
  publisher={Elsevier}
}
@article{bfivs94jama,
  title={Prioritization and organ distribution for liver transplantation},
  author={Bronsther, Oscar and Fung, John J and Izakis, Andreas and Van Thiel, David and Starzl, Thomas E},
  journal={JAMA: the journal of the American Medical Association},
  volume={271},
  number={2},
  pages={140},
  year={1994},
  publisher={NIH Public Access}
}
@article{f09nytimes,
  title={The Deadly Choices at Memorial},
  author={Sheri Fink},
  journal={New York Times},
  year={2009},
  month={August 25,},
  note={https://www.nytimes.com/2009/08/30/magazine/30doctors.html}
}
@article{t84ylj,
  title={The Trolley Problem},
  author={Thomson, Judith Jarvis},
  journal={Yale LJ},
  volume={94},
  pages={1395},
  year={1984},
  publisher={HeinOnline}
}
@article{t76m,
  title={Killing, Letting Die, and The Trolley Problem},
  author={Thomson, Judith Jarvis},
  journal={The Monist},
  volume={59},
  pages={204-217},
  year={1976},
  publisher={Oxford University Press}
}
@article{f67or,
  title={The Problem of Abortion and the Doctrine of the Double Effect},
  author={Philippa Foot},
  journal={Oxford Review},
  number={5},
  year={1967},
  publisher={University College, Oxford}
}
@article{s01tkdp,
  title={Protecting respondents identities in microdata release},
  author={Samarati, Pierangela},
  journal={IEEE transactions on Knowledge and Data Engineering},
  volume={13},
  number={6},
  pages={1010--1027},
  year={2001},
  publisher={IEEE}
}
@article{cn19arxiv,
  title={The Limits of Morality in Strategic Games},
  author={Rui Cao and Pavel Naumov},
  journal={arXiv:1901.08467},
  year={2019}
}
@article{x95jlc,
  title={On the basic logic of STIT with a single agent},
  author={Xu, Ming},
  journal={The Journal of Symbolic Logic},
  volume={60},
  number={2},
  pages={459--483},
  year={1995},
  publisher={Cambridge University Press}
}
@article{kmjsv16,
    author = {Kontinen, Juha and M\"{u}ller, Julian-Steffen and Schnoor, Henning and Vollmer, Heribert},
    title = "{Modal independence logic}",
    journal = {Journal of Logic and Computation},
    volume = {27},
    number = {5},
    pages = {1333-1352},
    year = {2016},
    month = {06}
}
@article{vo07entcs,
  title={Epistemic verification of anonymity},
  author={van Eijck, Jan and Orzan, Simona},
  journal={Electronic Notes in Theoretical Computer Science},
  volume={168},
  pages={159--174},
  year={2007},
  publisher={Elsevier}
}
@article{hn05jcs,
  title={Anonymity and information hiding in multiagent systems},
  author={Halpern, Joseph Y and O'Neill, Kevin R},
  journal={Journal of Computer Security},
  volume={13},
  number={3},
  pages={483--514},
  year={2005},
  publisher={IOS Press}
}
@incollection{a18hintikka,
  title={Knowing-who in quantified epistemic logic},
  author={Aloni, Maria},
  booktitle={Jaakko Hintikka on Knowledge and Game-Theoretical Semantics},
  pages={109--129},
  year={2018},
  publisher={Springer}
}
@incollection{h03kc,
  title={A second generation epistemic logic and its general significance},
  author={Hintikka, Jaakko},
  booktitle={Knowledge contributors},
  pages={33--55},
  year={2003},
  publisher={Springer}
}
@incollection{hh89leel,
  title={Reasoning about knowledge in philosophy: The paradigm of epistemic logic},
  author={Hintikka, Jaakko and Hintikka, Merrill B},
  booktitle={The logic of epistemology and the epistemology of logic},
  pages={17--35},
  year={1989},
  publisher={Springer}
}
@incollection{w18hintikka,
  title={Beyond knowing that: A new generation of epistemic logics},
  author={Wang, Yanjing},
  booktitle={Jaakko Hintikka on Knowledge and Game-Theoretical Semantics},
  pages={499--533},
  year={2018},
  publisher={Springer}
}
@inproceedings{ws18aiml,
  author    = {Yanjing Wang and
               Jeremy Seligman},
  editor    = {Guram Bezhanishvili and
               Giovanna D'Agostino and
               George Metcalfe and
               Thomas Studer},
  title     = {When Names Are Not Commonly Known: Epistemic Logic with Assignments},
  booktitle = {Advances in Modal Logic 12, proceedings of the 12th conference on
               "Advances in Modal Logic," held in Bern, Switzerland, August 27-31,
               2018},
  pages     = {611--628},
  publisher = {College Publications},
  year      = {2018},
}
@book{bl03,
  title={Knowing Who},
  author={Bo{\"e}r, Steven E and Lycan, William G},
  year={2003},
  publisher={MIT Press}
}
@misc{hhs02pr,
  author={{The U.S. Department of Health and Human Services}},
  title={Standards for Privacy of Individually Identifiable Health Information},
  year={2002},
  note={45 CFR Part 160 and Subparts A and E of Part 164}
}
@inproceedings{ammkr19ijcai,
  title={Probabilistic Strategy Logic},
  author={Benjamin Aminof and Bastien Maubert and Aniello Murano and Marta Kwiatkowska and Sasha Rubin},
  booktitle={Twenty-Eighth International Joint Conference on Artificial Intelligence},
  year={2019}
}
@inproceedings{bjkmm19ijcai,
  title={Strategy Logic with Simple Goals: Tractable Reasoning about Strategies},
  author={Francesco Belardinelli and Wojciech Jamroga and Damian Kurpiewski and Vadim Malvone and Aniello Murano},
  booktitle={Twenty-Eighth International Joint Conference on Artificial Intelligence},
  year={2019}
}
@book{c11,
  title={The ultimate quotable Einstein},
  author={Calaprice, Alice},
  year={2011},
  publisher={Princeton University Press}
}
@article{nt19ai,
title = "Knowing-how under uncertainty",
journal = "Artificial Intelligence",
author={Pavel Naumov and Jia Tao},
volume = "276",
pages = "41 - 56",
year = "2019"
}
@incollection{ats16ihs,
    title={Stackelberg security games ({S}{S}{G}) basics and application overview},
    author={An, Bo and Tambe, Milind and Sinha, Arunesh},
    booktitle={Improving Homeland Security Decisions},
    year={2016},
    publisher={Cambridge Univ. Press}
}
@inproceedings{fst15ijcai,
  title={When security games go green: Designing defender strategies to prevent poaching and illegal fishing},
  author={Fang, Fei and Stone, Peter and Tambe, Milind},
  booktitle={Twenty-Fourth International Joint Conference on Artificial Intelligence},
  year={2015}
}
@inproceedings{pjmoptwpk08aamas,
  title={Deployed {A}{R}{M}{O}{R} protection: the application of a game theoretic model for security at the {L}os {A}ngeles {I}nternational {A}irport},
  author={Pita, James and Jain, Manish and Marecki, Janusz and Ord{\'o}{\~n}ez, Fernando and Portway, Christopher and Tambe, Milind and Western, Craig and Paruchuri, Praveen and Kraus, Sarit},
  booktitle={Proceedings of the 7th international joint conference on Autonomous agents and multiagent systems: industrial track},
  pages={125--132},
  year={2008},
  organization={International Foundation for Autonomous Agents and Multiagent Systems}
}
@article{jtpkrto10interfaces,
  title={Software assistants for randomized patrol planning for the {L}{A}{X} airport police and the federal air marshal service},
  author={Jain, Manish and Tsai, Jason and Pita, James and Kiekintveld, Christopher and Rathi, Shyamsunder and Tambe, Milind and Ord{\'o}nez, Fernando},
  journal={Interfaces},
  volume={40},
  number={4},
  pages={267--290},
  year={2010},
  publisher={INFORMS}
}
@inproceedings{bsst16aaai,
  title={One size does not fit all: A game-theoretic approach for dynamically and effectively screening for threats},
  author={Brown, Matthew and Sinha, Arunesh and Schlenker, Aaron and Tambe, Milind},
  booktitle={Thirtieth AAAI Conference on Artificial Intelligence},
  year={2016}
}
@book{s34,
  title={Marktform und gleichgewicht},
  author={von Stackelberg, Heinrich},
  year={1934},
  publisher={J. Springer}
}
@article {c13pnas,
	author = {Carruthers, Peter},
	title = {Evolution of working memory},
	volume = {110},
	number = {Supplement 2},
	pages = {10371--10378},
	year = {2013},
	doi = {10.1073/pnas.1301195110},
	publisher = {National Academy of Sciences},
	issn = {0027-8424},
	journal = {Proceedings of the National Academy of Sciences}
}
@inproceedings{blm18kr,
  title={Approximating Perfect Recall When Model Checking Strategic Abilities},
  author={Belardinelli, Francesco and Lomuscio, Alessio and Malvone, Vadim},
  booktitle={Sixteenth International Conference on Principles of Knowledge Representation and Reasoning},
  year={2018}
}
@inproceedings{rscm13lics,
  title={One-path reachability logic},
  author={Rosu, Grigore and Stefanescu, Andrei and Ciob{\^a}ca, Stefan and Moore, Brandon M},
  booktitle={2013 28th Annual ACM/IEEE Symposium on Logic in Computer Science},
  pages={358--367},
  year={2013},
  organization={IEEE}
}
@article{nhs17ijrr,
  title={Human-robot mutual adaptation in collaborative tasks: Models and experiments},
  author={Nikolaidis, Stefanos and Hsu, David and Srinivasa, Siddhartha},
  journal={The International Journal of Robotics Research},
  volume={36},
  number={5-7},
  pages={618--634},
  year={2017},
  publisher={SAGE Publications Sage UK: London, England}
}
@article{kkns14ic,
  title={Bounded memory {D}olev--{Y}ao adversaries in collaborative systems},
  author={Kanovich, Max and Kirigin, Tajana Ban and Nigam, Vivek and Scedrov, Andre},
  journal={Information and Computation},
  volume={238},
  pages={233--261},
  year={2014},
  publisher={Elsevier}
}
@inproceedings{cl07fskd,
  title={Probabilistic alternating-time temporal logic and model checking algorithm},
  author={Chen, Taolue and Lu, Jian},
  booktitle={Fourth International Conference on Fuzzy Systems and Knowledge Discovery (FSKD 2007)},
  volume={2},
  pages={35--39},
  year={2007},
  organization={IEEE}
}
@inproceedings{av08aamas,
  title={Coalitions and announcements},
  author={{\AA}gotnes, Thomas and Van Ditmarsch, Hans},
  booktitle={Proceedings of the 7th international joint conference on Autonomous agents and multiagent systems-Volume 2},
  pages={673--680},
  year={2008},
  organization={International Foundation for Autonomous Agents and Multiagent Systems}
}
@article{s06ps,
  title={On logics of knowledge and belief},
  author={Stalnaker, Robert},
  journal={Philosophical studies},
  volume={128},
  number={1},
  pages={169--199},
  year={2006},
  publisher={Springer}
}
@inproceedings{cfkps13tools,
  title={PRISM-games: A model checker for stochastic multi-player games},
  author={Chen, Taolue and Forejt, Vojt{\v{e}}ch and Kwiatkowska, Marta and Parker, David and Simaitis, Aistis},
  booktitle={International Conference on TOOLS and Algorithms for the Construction and Analysis of Systems},
  pages={185--191},
  year={2013},
  organization={Springer}
}
@inproceedings{hsz12aaai,
  title={Probabilistic Alternating-Time Temporal Logic of Incomplete Information and Synchronous Perfect Recall.},
  author={Huang, Xiaowei and Su, Kaile and Zhang, Chenyi},
  booktitle={AAAI},
  year={2012}
}
@inproceedings{chen2013prism,
  title={PRISM-games: A model checker for stochastic multi-player games},
  author={Chen, Taolue and Forejt, Vojt{\v{e}}ch and Kwiatkowska, Marta and Parker, David and Simaitis, Aistis},
  booktitle={International Conference on TOOLS and Algorithms for the Construction and Analysis of Systems},
  pages={185--191},
  year={2013},
  organization={Springer}
}
@inproceedings{sfakt18ijcai,
  title={Stackelberg Security Games: Looking Beyond a Decade of Success.},
  author={Sinha, Arunesh and Fang, Fei and An, Bo and Kiekintveld, Christopher and Tambe, Milind},
  booktitle={IJCAI},
  pages={5494--5501},
  year={2018}
}
@article{im07cell,
  title={Working memory of numerals in chimpanzees},
  author={Inoue, Sana and Matsuzawa, Tetsuro},
  journal={Current Biology},
  volume={17},
  number={23},
  pages={R1004--R1005},
  year={2007},
  publisher={Elsevier}
}
@inproceedings{bcdj17aamas,
  title={Bisimulations for Verifying Strategic Abilities with an Application to ThreeBallot},
  author={Belardinelli, Francesco and Condurache, Rodica and Dima, Catalin and Jamroga, Wojciech and Jones, Andrew V},
  booktitle={Proceedings of the 16th Conference on Autonomous Agents and MultiAgent Systems},
  pages={1286--1295},
  year={2017},
  organization={International Foundation for Autonomous Agents and Multiagent Systems}
}
@book{d06,
  title={Dictionary of distances},
  author={Deza, Michel-Marie and Deza, Elena},
  year={2006},
  publisher={Elsevier}
}
@article{w90eric,
  title={String Comparator Metrics and Enhanced Decision Rules in the Fellegi-Sunter Model of Record Linkage.},
  author={Winkler, William E},
  year={1990},
  publisher={ERIC}
}
@article{j89jasa,
  title={Advances in record-linkage methodology as applied to matching the 1985 census of Tampa, Florida},
  author={Jaro, Matthew A},
  journal={Journal of the American Statistical Association},
  volume={84},
  number={406},
  pages={414--420},
  year={1989},
  publisher={Taylor \& Francis Group}
}
@article{d64cacm,
  title={A technique for computer detection and correction of spelling errors},
  author={Damerau, Fred J},
  journal={Communications of the ACM},
  volume={7},
  number={3},
  pages={171--176},
  year={1964},
  publisher={ACM}
}
@inproceedings{l66spd,
  title={Binary codes capable of correcting deletions, insertions, and reversals},
  author={Levenshtein, Vladimir I},
  booktitle={Soviet physics doklady},
  volume={10},
  number={8},
  pages={707--710},
  year={1966}
}
@book{s03,
  title={German Naval Code Breakers},
  author={Jak P. Mallmann Showell},
  year={2003},
  edition={1st},
  publisher={Naval Inst Pr}
}
@article{b02ijnh,
  title={German vs. Allied Codebreakers in the Battle of the Atlantic},
  author={Stephen Budiansky},
  journal={International Journal of Naval History},
  year={2002},
  month={April},
  day={27},
  volume={1},
  number={1}
}
@article{ksswz02jancl,
  title={Axiomatizing distance logics},
  author={Kutz, Oliver and Sturm, Holger and Suzuki, Nobu-Yuki and Wolter, Frank and Zakharyaschev, Michael},
  journal={Journal of Applied Non-Classical Logics},
  volume={12},
  number={3-4},
  pages={425--439},
  year={2002},
  publisher={Taylor \& Francis}
}
@article{ammr18ic,
  title={Graded modalities in Strategy Logic.},
  author={Aminof, Benjamin and Malvone, Vadim and Murano, Aniello and Rubin, Sasha},
  journal={Inf. Comput.},
  volume={261},
  number={Part},
  pages={634--649},
  year={2018}
}
@inproceedings{whw07tark,
  title={Alternating-time temporal logic with explicit strategies},
  author={Walther, Dirk and van der Hoek, Wiebe and Wooldridge, Michael},
  booktitle={Proceedings of the 11th conference on Theoretical aspects of rationality and knowledge},
  pages={269--278},
  year={2007},
  organization={ACM}
}
@article{b10jal,
  author = {Broersen, J.M.},
  title = {Deontic Epistemic \emph{stit} Logic Distinguishing Modes of Mens
	Rea},
  journal = {Journal of Applied Logic},
  year = {2011},
  volume = {9},
  pages = {127 - 152},
  number = {2},
  publisher = {Elsevier}
}
@book{h12deontic,
  title={Deontic logic: Introductory and systematic readings},
  author={Hilpinen, Risto},
  volume={33},
  year={2012},
  publisher={Springer Science \& Business Media}
}
@book{miller18,
  author    = {Patricia Miller}, 
  title     = {Bringing Down the Colonel: A Sex Scandal of the Gilded Age, and the "Powerless" Woman Who Took On Washington},
  publisher = {Sarah Crichton Books},
  year      = 2018,
  edition   = 1,
  isbn      = {978-0374252663}
}
@article{n18herald,
  title={Broken marriage promise triggers \$50k lawsuit},
  author={Daniel Nemukuyu},
  journal={The Herald},
  year={2018},
  month={October 11,},
  day={11},
  note={https://www.herald.co.zw/broken-marriage-promise-triggers-50k-lawsuit}
}
@article{s18foxnews,
  title={Millennials blamed for killing these businesses},
  author={Jade Scipioni},
  journal={Fox News},
  year={2018},
  month={December 4,},
  day={4},
  note={https://www.foxbusiness.com/features/millennials-blamed-for-killing-these-businesses}
}
@article{a17timeline,
  title={The murder of this 20-year-old {B}erkeley coed changed the laws around psychology forever},
  author={Nina Renata Aron},
  journal={Timeline},
  year={2017},
  month={September 26,},
  day={26},
  note={https://timeline.com/tanya-tarasoff-notify-law-7d43951cb004}
}
@misc{t76opinion,
  title={Majority Opinion},
  author={Tobriner, J.},
  year={1976},
  note={S.F. No. 23042. Supreme Court of California. July 1, 1976.}
}
@InProceedings{xasz17lori,
    author="Xiong, Zuojun
        and {\AA}gotnes, Thomas
        and Seligman, Jeremy
        and Zhu, Rui",
    editor="Baltag, Alexandru
        and Seligman, Jeremy
        and Yamada, Tomoyuki",
    title="Towards a Logic of Tweeting",
    booktitle="Logic, Rationality, and Interaction",
    year="2017",
    publisher="Springer Berlin Heidelberg",
    address="Berlin, Heidelberg",
    pages="49--64"
}
@inproceedings{nj11ijcai,
  title={Agents, actions and goals in dynamic environments},
  author={Nov{\'a}k, Peter and Jamroga, Wojciech},
  booktitle={Twenty-Second International Joint Conference on Artificial Intelligence},
  year={2011}
}
@inproceedings{hk17aaai,
  title={Reasoning about Cognitive Trust in Stochastic Multiagent Systems.},
  author={Huang, Xiaowei and Kwiatkowska, Marta Zofia},
  booktitle={AAAI},
  pages={3768--3774},
  year={2017}
}
@inproceedings{knps18icqes,
  title={Automated verification of concurrent stochastic games},
  author={Kwiatkowska, Marta and Norman, Gethin and Parker, David and Santos, Gabriel},
  booktitle={International Conference on Quantitative Evaluation of Systems},
  pages={223--239},
  year={2018},
  organization={Springer}
}
@article{kpw18ijsttt,
  title={PRISM-games: verification and strategy synthesis for stochastic multi-player games with multiple objectives},
  author={Kwiatkowska, Marta and Parker, David and Wiltsche, Clemens},
  journal={International Journal on Software Tools for Technology Transfer},
  volume={20},
  number={2},
  pages={195--210},
  year={2018},
  publisher={Springer}
}
@article{bj09fi,
  title={What agents can probably enforce},
  author={Bulling, Nils and Jamroga, Wojciech},
  journal={Fundamenta Informaticae},
  volume={93},
  number={1-3},
  pages={81--96},
  year={2009},
  publisher={IOS Press}
}
@inproceedings{bdm18kr,
  title={Bisimulations for Logics of Strategies: A Study in Expressiveness and Verification},
  author={Francesco Belardinelli and Catalin Dima and Aniello Murano},
  pages={425--434},
  booktitle={Proceedings of the 16th International Conference on Principles of Knowledge Representation and Reasoning},
  year={2018}
}
@article{vpmm17lmcs,
  title={Reasoning about Strategies: on the Satisfiability Problem},
  author={Vardi, Moshe Y and Perelli, Giuseppe and Murano, Aniello and Mogavero, Fabio},
  journal={Logical Methods in Computer Science},
  volume={13},
  year={2017},
  publisher={Episciences.org}
}
@inproceedings{mmpv12concur,
  title={What makes ATL* decidable? a decidable fragment of strategy logic},
  author={Mogavero, Fabio and Murano, Aniello and Perelli, Giuseppe and Vardi, Moshe Y},
  booktitle={International Conference on Concurrency Theory},
  pages={193--208},
  year={2012},
  organization={Springer}
}
@inproceedings{clm15aaai,
  title={Verifying and synthesising multi-agent systems against one-goal strategy logic specifications},
  author={{\v{C}}erm{\'a}k, Petr and Lomuscio, Alessio and Murano, Aniello},
  booktitle={Twenty-Ninth AAAI Conference on Artificial Intelligence},
  year={2015}
}
@inproceedings{p78ismfcs,
  title={The completeness of propositional dynamic logic},
  author={Parikh, Rohit},
  booktitle={International Symposium on Mathematical Foundations of Computer Science},
  pages={403--415},
  year={1978},
  organization={Springer}
 }
@article{nelkin16nous,
  title={Difficulty and degrees of moral praiseworthiness and blameworthiness},
  author={Nelkin, Dana Kay},
  journal={No{\^u}s},
  volume={50},
  number={2},
  pages={356--378},
  year={2016},
  publisher={Wiley Online Library}
}
@article{s11chinadaily,
  title={Need to protect our Good Samaritans},
  author={Liu Shinan},
  journal={China Daily},
  year={2011},
  month={January 5,},
  day={5},
  note={http://www.chinadaily.com.cn/opinion/2011-01/05/content\_11794724.htm}
}
@article{xhr17chinese,
  title={é©»é©¬åºè­Šæ¹éæ¥,å¥³å­é­äºæ¬¡ç¢Ÿåæ äººæœæ},
  lang   = {chinese},
  author={çæµ©ç¶},
  journal={åè¥¿éœåžæ¥},
  year={2017},
  month={June 7,},
  day={7},
  note={http://news.ifeng.com/a/20170607/51209660\_0.shtml}
}
@article{j17nytimes,
  title={In China, Video of Deadly Accident Reignites Debate Over Lack of Trust},
  author={Ian Johnson},
  journal={New York Times},
  year={2017},
  month={June 9,},
  day={3},
  note={https://www.nytimes.com/2017/06/09/world/asia/china-woman-run-over-video.html}
}
@inproceedings{p76fcs,
  title={Semantical consideration on floyo-hoare logic},
  author={Pratt, Vaughan R},
  booktitle={Foundations of Computer Science, 17th Annual Symposium on},
  pages={109--121},
  year={1976},
  organization={IEEE}
}
@article{zzx11chinese,
  title={äž€èœŠååç¢Ÿå2å²å¥³ç«¥ïŒ10äœäººè§æ­»äžæ},
  lang   = {chinese},
  author={åšæŸ and éäŒ è³ and è®žç},
  journal={çŸåææ¥},
  year={2011},
  month={October 16,},
  day={16},
  note={https://news.qq.com/a/20111016/000459.htm}
}
@article{bristow11bbc,
  title={Chinese province debates law after hit-and-run outcry},
  author={Michael Bristow},
  journal={BBC News},
  year={2011},
  month={October 20,},
  day={20},
  note={https://www.bbc.com/news/world-asia-pacific-15382273}
}
@article{bbc17bbc,
  title={Do you have to rescue someone in danger?},
  author={BBC},
  journal={BBC News},
  year={2017},
  month={July 21,},
  day={21},
  note={https://www.bbc.com/news/world-us-canada-40680895}
}
@book{kagan98,
  title={Normative ethics},
  author={Kagan, Shelly},
  year={1998},
  publisher={Routledge}
}
@book{kagan91,
  title={The Limits of Morality},
  author={Kagan, Shelly},
  series = {Oxford Ethics Series},
  year={1991},
  publisher={Clarendon Press}
}
@book{boolos95,
  title={The logic of provability},
  author={Boolos, George},
  year={1995},
  publisher={Cambridge university press}
}
@article{nt18arxiv-imperfect,
  title={Knowledge and Blameworthiness},
  author={Pavel Naumov and Jia Tao},
  journal={arXiv:1811.02446},
  year={2018}
}
@inproceedings{nt19aaai,
author    = {Pavel Naumov and Jia Tao},
  title     = {Blameworthiness in Strategic Games},
  booktitle = {Proceedings of Thirty-third AAAI Conference on Artificial Intelligence (AAAI-19)},
  year      = {2019}
}
@article{w18kutv,
  title={Study: Millennials, especially younger women, responsible for lower divorce rates},
  author={Jennifer Weaver},
  journal={KUTV},
  year={2018},
  month={September 27,},
  day={27},
  note={https://kutv.com/news/local/study-millennials-especially-younger-women-responsible-for-lower-divorce-rates}
}
@inproceedings{ahl17aamas,
  title={Causality, responsibility and blame in team plans},
  author={Alechina, Natasha and Halpern, Joseph Y and Logan, Brian},
  booktitle={Proceedings of the 16th Conference on Autonomous Agents and MultiAgent Systems},
  pages={1091--1099},
  year={2017},
  organization={International Foundation for Autonomous Agents and Multiagent Systems}
}
@article{g18foxnews,
  title={Millennials being blamed for decline of {A}merican cheese},
  author={Michelle Gant},
  journal={Fox News},
  year={2018},
  month={October 11,},
  day={11},
  note={www.foxnews.com/food-drink/millennials-kraft-american-cheese-sales-decline.amp}
}
@inproceedings{al18aamas,
  title={Resource logics with a diminishing resource},
  author={Alechina, Natasha and Logan, Brian},
  booktitle={Proceedings of the 17th International Conference on Autonomous Agents and MultiAgent Systems},
  pages={1847--1849},
  year={2018},
  organization={International Foundation for Autonomous Agents and Multiagent Systems}
}
@article{ls11ai,
  title={A logic for reasoning about counterfactual emotions},
  author={Lorini, Emiliano and Schwarzentruber, Fran{\c{c}}ois},
  journal={Artificial Intelligence},
  volume={175},
  number={3},
  pages={814},
  year={2011}
}
@article{w99sjlbf,
  title={Rethinking rights of first refusal},
  author={Walker, David I},
  journal={Stan. JL Bus. \& Fin.},
  volume={5},
  pages={1},
  year={1999},
  publisher={HeinOnline}
}
@article{cs14ssrn,
  title={Right of First Refusal (ROFR) Effects in Auctions with Reserve Price: Empirical Evidence from Taiwanese Government Land Auctions},
  author={Chiang, Yao-Min and Sa-Aadu, Jarjisu},
  year={2014},
  note={Available at SSRN: https://ssrn.com/abstract=2409599 or http://dx.doi.org/10.2139/ssrn.2409599}
}
@article{c05ajae,
  title={Auctions with and without the right of first refusal and National Park Service concession contracts},
  author={Chouinard, Hayley H},
  journal={American journal of agricultural economics},
  volume={87},
  number={4},
  pages={1083--1088},
  year={2005},
  publisher={Oxford University Press}
}
@article{nt18arxiv-blameworthiness,
  title={Blameworthiness in Strategic Games},
  author={Pavel Naumov and Jia Tao},
  journal={arXiv:1809.05485},
  year={2018}
}
@inproceedings{cmek01att,
  title={Multi-Agent Road Traffic Simulation: Towards Coordination by Game Theory Based Mechanism},
  author={Champion, Alexis and Mandiau, Ren{\'e} and Espi{\'e}, St{\'e}phane and Kolski, Christophe},
  booktitle={Proceedings of the Agents in Traffic and Transportation, Workshop in conjuction with the ITS World Congress},
  year={2001}
}
@inproceedings{ge18aamas,
  title={Socially Friendly and Group Protecting Coalition Logics},
  author={Goranko, Valentin and Enqvist, Sebastian},
  booktitle={Proceedings of the 17th International Conference on Autonomous Agents and Multiagent Systems},
  pages={372--380},
  year={2018},
  organization={International Foundation for Autonomous Agents and Multiagent Systems}
}
@article{c15cop,
  title={Deconstructing intent to reconstruct morality},
  author={Cushman, Fiery},
  journal={Current Opinion in Psychology},
  volume={6},
  pages={97--103},
  year={2015},
  publisher={Elsevier}
}
@inproceedings{nr18kr,
  title={ Strategic Coalitions in Systems with Catastrophic Failures (extended abstract)},
  author={Pavel Naumov and Kevin Ros},
  booktitle={Proceedings of the 16th International Conference on Principles of Knowledge Representation and Reasoning},
  year={2018}
}

@inproceedings{bs18aaai,
  title={Situation Calculus Semantics for Actual Causality},
  author={Vitaliy Batusov and Mikhail Soutchanski},
  booktitle={Proceedings of the Thirty-Second AAAI Conference on Artificial Intelligence (AAAI-18)},
  year={2018}
}
@inproceedings{hk18aaai,
  title={Towards Formal Definitions of Blameworthiness, Intention, and Moral Responsibility},
  author={Halpern, Joseph Y and Kleiman-Weiner, Max},
  booktitle={Proceedings of the Thirty-Second AAAI Conference on Artificial Intelligence (AAAI-18)},
  year={2018}
}
@inproceedings{v13gandalf,
  author    = {Steen Vester},
  title     = {Alternating-time temporal logic with finite-memory strategies},
  year      = {2013},
  booktitle = {Proceedings GandALF 2013, EPTCS 119},
 pages={194-207}
}
@inproceedings{jmm17aamas,
  title={Reasoning about Natural Strategic Ability},
  author={Jamroga, Wojciech and Malvone, Vadim and Murano, Aniello},
  booktitle={Proceedings of the 16th Conference on Autonomous Agents and MultiAgent Systems},
  pages={714--722},
  year={2017},
  organization={International Foundation for Autonomous Agents and Multiagent Systems}
}
@article{aw09jlli,
  title={A logic of strategic ability under bounded memory},
  author={{\AA}gotnes, Thomas and Walther, Dirk},
  journal={Journal of Logic, Language and Information},
  volume={18},
  number={1},
  pages={55--77},
  year={2009},
  publisher={Springer}
}
@inproceedings{bdlm09lfcs,
  title={ATL with strategy contexts and bounded memory},
  author={Brihaye, Thomas and Da Costa, Arnaud and Laroussinie, Fran{\c{c}}ois and Markey, Nicolas},
  booktitle={International Symposium on Logical Foundations of Computer Science},
  pages={92--106},
  year={2009},
  organization={Springer}
}
@article{m15ps,
  title={Moral ignorance and blameworthiness},
  author={Mason, Elinor},
  journal={Philosophical Studies},
  volume={172},
  number={11},
  pages={3037--3057},
  year={2015},
  publisher={Springer}
}
@article{g04mur,
  title={The Spurious relationship between moral blameworthiness and liability for negligence},
  author={Goudkamp, James},
  journal={Melb. UL Rev.},
  volume={28},
  pages={343},
  year={2004},
  publisher={HeinOnline}
}
@article{f94p,
  title={Moral Beliefs and Blameworthiness: Introduction},
  author={Fields, Lloyd},
  journal={Philosophy},
  volume={69},
  number={270},
  pages={397--415},
  year={1994},
  publisher={Cambridge University Press}
}
@book{w17,
  title={Moral responsibility and alternative possibilities: Essays on the importance of alternative possibilities},
  author={Widerker, David},
  year={2017},
  publisher={Routledge}
}
@article{nk07nous,
  title={Moral responsibility and determinism: The cognitive science of folk intuitions},
  author={Nichols, Shaun and Knobe, Joshua},
  journal={Nous},
  volume={41},
  number={4},
  pages={663--685},
  year={2007},
  publisher={Wiley Online Library}
}
@book{fr00,
  title={Responsibility and control: A theory of moral responsibility},
  author={Fischer, John Martin and Ravizza, Mark},
  year={2000},
  publisher={Cambridge University Press}
}
@article{se13eb,
  title={Moral responsibility, problem of},
  author={Peter Singer and Maya Eddon},
  journal={Encyclop{\ae}dia Britannica},
  note={https://www.britannica.com/topic/problem-of-moral-responsibility},
  year={2013}
}
@article{f69tjop,
  title={Alternate possibilities and moral responsibility},
  author={Frankfurt, Harry G},
  journal={The Journal of Philosophy},
  volume={66},
  number={23},
  pages={829--839},
  year={1969},
  publisher={JSTOR}
}
@article{dn18jlc,
  title={Navigability with intermediate constraints},
  author={Deuser, Kaya and Naumov, Pavel},
  journal={Journal of Logic and Computation},
  volume={28},
  number={7},
  pages={1647--1670},
  year={2018},
  publisher={Oxford University Press}
}

@inproceedings{dn18kr,
  title={Navigability with Bounded Recall (extended abstract)},
  author={Kaya Deuser and  Pavel Naumov},
  booktitle={Proceedings of the 16th International Conference on Principles of Knowledge Representation and Reasoning},
  year={2018}
}
@article{x98jpl,
  title={Axioms for deliberative STIT},
  author={Xu, Ming},
  journal={Journal of Philosophical Logic},
  volume={27},
  number={5},
  pages={505--552},
  year={1998},
  publisher={Springer}
}
@article{jm18abc7,
  title={Toddler dies in {M}uscoy shooting after 4-year-old cousin gets hold of gun; grandfather arrested},
  author={Leticia Juarez and Veronica Miracle},
  journal={KABC},
  year={2018},
  month={July},
  day={21},
  note={http://abc7.com/4-year-old-shoots-kills-toddler-cousin-in-ie;-grandpa-arrested/3794943/}
}
@article{o18latimes,
  title={4-year-old accidentally shoots and kills toddler cousin in {S}an {B}ernardino {C}ounty},
  author={Benjamin Oreskes},
  journal={Los Angeles Times},
  year={2018},
  month={July},
  day={20},
  note={http://www.latimes.com/local/lanow/la-me-ln-muscoy-toddler-shooting-20180720-story.html}
}
@inproceedings{ammr16aamas,
  title={Graded strategy logic: Reasoning about uniqueness of {N}ash equilibria},
  author={Aminof, Benjamin and Malvone, Vadim and Murano, Aniello and Rubin, Sasha},
  booktitle={Proceedings of the 2016 International Conference on Autonomous Agents \& Multiagent Systems},
  pages={698--706},
  year={2016},
  organization={International Foundation for Autonomous Agents and Multiagent Systems}
}
@article{chp10ic,
  title={Strategy logic},
  author={Chatterjee, Krishnendu and Henzinger, Thomas A and Piterman, Nir},
  journal={Information and Computation},
  volume={208},
  number={6},
  pages={677--693},
  year={2010},
  publisher={Elsevier}
}
@article{mmpv14tocl,
  title={Reasoning about strategies: On the model-checking problem},
  author={Mogavero, Fabio and Murano, Aniello and Perelli, Giuseppe and Vardi, Moshe Y},
  journal={ACM Transactions on Computational Logic (TOCL)},
  volume={15},
  number={4},
  pages={34},
  year={2014},
  publisher={ACM}
}
@article{blms97jacm,
  title={Applications of a logic of knowledge to motion planning under uncertainty},
  author={Brafman, Ronen I and Latombe, Jean-Claude and Moses, Yoram and Shoham, Yoav},
  journal={Journal of the ACM (JACM)},
  volume={44},
  number={5},
  pages={633--668},
  year={1997},
  publisher={ACM}
}
@inproceedings{adl16ijcai,
  title={Verifying existence of resource-bounded coalition uniform strategies},
  author={Alechina, Natasha and Dastani, Mehdi and Logan, Brian},
  booktitle={Proceedings of the Twenty-Fifth International Joint Conference on Artificial Intelligence},
  pages={24--30},
  year={2016},
  organization={AAAI Press}
}
@inproceedings{cf16aamas,
  title={Budget-Constrained Reasoning in Agent Computational Environments},
  author={Costantini, Stefania and Formisano, Andrea},
  booktitle={Proceedings of the 2016 International Conference on Autonomous Agents \& Multiagent Systems},
  pages={1311--1312},
  year={2016},
  organization={International Foundation for Autonomous Agents and Multiagent Systems}
}
@article{nt18ai,
  title={Together We Know How to Achieve: An Epistemic Logic of Know-How},
  author={Pavel Naumov and Jia Tao},
  journal={Artificial Intelligence},
  volume = "262",
  pages = "279 - 300",
  year = "2018",
  issn = "0004-3702",
  doi = "https://doi.org/10.1016/j.artint.2018.06.007"
}

@inproceedings{gkp17icla,
  title={A substructural epistemic resource logic},
  author={Galmiche, Didier and Kimmel, Pierre and Pym, David},
  booktitle={Indian Conference on Logic and Its Applications},
  pages={106--122},
  year={2017},
  organization={Springer}
}
@misc{k97,
  title={Automata and computability, Undergraduate Texts in Computer Science},
  author={Kozen, Dexter C},
  year={1997},
  publisher={Springer}
}
@inproceedings{g10iwmcai,
  title={Planning with incomplete information},
  author={Geffner, Hector},
  booktitle={International Workshop on Model Checking and Artificial Intelligence},
  pages={1--11},
  year={2010},
  organization={Springer}
}
@inproceedings{mpac09icra,
  title={Behavioral control for multi-robot perimeter patrol: A finite state automata approach},
  author={Marino, Alessandro and Parker, Lynne and Antonelli, Gianluca and Caccavale, Fabrizio},
  booktitle={Robotics and Automation, 2009. ICRA'09. IEEE International Conference on},
  pages={831--836},
  year={2009},
  organization={IEEE}
}
@article{g72jpl,
  title={A general filtration method for modal logics},
  author={Gabbay, Dov M},
  journal={Journal of Philosophical Logic},
  volume={1},
  number={1},
  pages={29--34},
  year={1972},
  publisher={Springer}
}
@book{b05,
  title={Programming Game AI by Example},
  author={Mat Buckland},
  year={2005},
  publisher={Jones \& Bartlett Learning}
}
@inproceedings{fs04irs,
  title={Planning with imperfect information},
  author={Ferguson, Dave and Stentz, Anthony},
  booktitle={Intelligent Robots and Systems, 2004. (IROS 2004). Proceedings. 2004 IEEE/RSJ International Conference on},
  volume={2},
  pages={1926--1931},
  year={2004},
  organization={IEEE}
}
@inproceedings{dmr16ijcai,
  title={Imperfect-Information Games and Generalized Planning.},
  author={De Giacomo, Giuseppe and Murano, Aniello and Rubin, Sasha and Di Stasio, Antonio},
  booktitle={IJCAI},
  pages={1037--1043},
  year={2016}
}
@inproceedings{dn18aaai,
author    = {Kaya Deuser and Pavel Naumov},
  title     = {Armstrong's Axioms and Navigation Strategies},
  booktitle = {Proceedings of Thirty-Second AAAI Conference on Artificial Intelligence},
  year      = {2018}
}
@InProceedings{asv10lafmvv,
    author="Aarts, Fides
    and Schmaltz, Julien
    and Vaandrager, Frits",
    editor="Margaria, Tiziana
    and Steffen, Bernhard",
    title="Inference and Abstraction of the Biometric Passport",
    booktitle="Leveraging Applications of Formal Methods, Verification, and Validation",
    year="2010",
    publisher="Springer Berlin Heidelberg",
    address="Berlin, Heidelberg",
    pages="673--686",
}
@InProceedings{hbj09ecoop,
author="Herrmannsdoerfer, Markus
and Benz, Sebastian
and Juergens, Elmar",
editor="Drossopoulou, Sophia",
title="COPE - Automating Coupled Evolution of Metamodels and Models",
booktitle="ECOOP 2009 -- Object-Oriented Programming",
year="2009",
publisher="Springer Berlin Heidelberg",
address="Berlin, Heidelberg",
pages="52--76"
}
@InProceedings{bchj09cav,
    author="Bloem, Roderick 
        and Chatterjee, Krishnendu
        and Henzinger, Thomas A.
        and Jobstmann, Barbara",
    editor="Bouajjani, Ahmed
        and Maler, Oded",
    title="Better Quality in Synthesis through Quantitative Objectives ",
    booktitle="Computer Aided Verification",
    year="2009",
    publisher="Springer Berlin Heidelberg",
    address="Berlin, Heidelberg",
    pages="140--156"
}

@inproceedings{bd95slpd,
     author = {Benini, Luca and De Micheli, Giovanni},
    title = {Transformation and Synthesis of FSMs for Low-power Gated-clock Implementation},
     booktitle = {Proceedings of the 1995 International Symposium on Low Power Design},
     series = {ISLPED '95},
    year = {1995},
     isbn = {0-89791-744-8},
    location = {Dana Point, California, USA},
     pages = {21--26},
    numpages = {6},
     publisher = {ACM},
    address = {New York, NY, USA},
} 
@InProceedings{sg09fm,
    author="Shahbaz, Muzammil and Groz, Roland",
    editor="Cavalcanti, Ana and Dams, Dennis R.",
    title="Inferring {M}ealy Machines",
    booktitle="FM 2009: Formal Methods",
    year="2009",
    publisher="Springer Berlin Heidelberg",
    address="Berlin, Heidelberg",
    pages="207--222"
}
@article{aktv14ml,
  title={Improving active {M}ealy machine learning for protocol conformance testing},
  author={Aarts, Fides and Kuppens, Harco and Tretmans, Jan and Vaandrager, Frits and Verwer, Sicco},
  journal={Machine learning},
  volume={96},
  number={1-2},
  pages={189--224},
  year={2014},
  publisher={Springer}
}
@book{sl08,
  title={Multiagent systems: Algorithmic, game-theoretic, and logical foundations},
  author={Shoham, Yoav and Leyton-Brown, Kevin},
  year={2008},
  publisher={Cambridge University Press}
}
@inproceedings{r17aaai,
  title={A Finite Memory Automaton for Two-Armed Bernoulli Bandit Problems.},
  author={Rao, Ariel},
  booktitle={AAAI},
  pages={4981--4982},
  year={2017}
}
@article{ns92jet,
  title={Evolutionary stability in repeated games played by finite automata},
  author={Binmore, Kenneth G and Samuelson, Larry},
  journal={Journal of economic theory},
  volume={57},
  number={2},
  pages={278--305},
  year={1992},
  publisher={Elsevier}
}

@inproceedings{p94stoc,
  title={On complexity as bounded rationality},
  author={Papadimitriou, Christos H and Yannakakis, Mihalis},
  booktitle={Proceedings of the twenty-sixth annual ACM symposium on Theory of computing},
  pages={726--733},
  year={1994},
  organization={ACM}
}
@article{a97geb,
  title={Rationality and bounded rationality},
  author={Aumann, Robert J},
  journal={Games and Economic Behavior},
  volume={21},
  number={1-2},
  pages={2--14},
  year={1997},
  publisher={Elsevier}
}
@article{n85el,
  title={Bounded complexity justifies cooperation in the finitely repeated prisoners' dilemma},
  author={Neyman, Abraham},
  journal={Economics letters},
  volume={19},
  number={3},
  pages={227--229},
  year={1985},
  publisher={Elsevier}
}
@article{r86jet,
  title={Finite automata play the repeated prisoner's dilemma},
  author={Rubinstein, Ariel},
  journal={Journal of economic theory},
  volume={39},
  number={1},
  pages={83--96},
  year={1986},
  publisher={Elsevier}
}
@article{dr11lgtcs,
  title={Games with imperfect information: Theory and algorithms},
  author={Doyen, Laurent and Raskin, Jean-Fran{\c{c}}ois},
  journal={Lectures in Game Theory for Computer Scientists},
  pages={185--212},
  year={2011}
}

@article{or00tcs,
  title={Some first-order probability logics},
  author={Ognjanovi\'{c}, Zoran and Ra{\v{s}}kovic, Miodrag},
  journal={Theoretical Computer Science},
  volume={247},
  number={1-2},
  pages={191--212},
  year={2000},
  publisher={Elsevier}
}
@article{ah94ic,
  title={Decidability and expressiveness for first-order logics of probability},
  author={Abadi, Martin and Halpern, Joseph Y},
  journal={Information and computation},
  volume={112},
  number={1},
  pages={1--36},
  year={1994},
  publisher={Elsevier}
}
@article{fhm90ic,
  title={A logic for reasoning about probabilities},
  author={Fagin, Ronald and Halpern, Joseph Y and Megiddo, Nimrod},
  journal={Information and computation},
  volume={87},
  number={1-2},
  pages={78--128},
  year={1990},
  publisher={Elsevier}
}
@inproceedings{hm98tark,
  title={The modal logic of probability},
  author={Heifetz, Aviad and Mongin, Philippe},
  booktitle={Proceedings of the 7th conference on Theoretical aspects of rationality and knowledge},
  pages={175--185},
  year={1998},
  organization={Morgan Kaufmann Publishers Inc.}
}
@book{a05,
  title={Probability: A graduate course},
  author={Allan, Gut},
  year={2005},
  publisher={Springer, New York}
}
@inproceedings{fl15ijcai,
  title={A Logic for Reasoning about Justified Uncertain Beliefs.},
  author={Fan, Tuan-Fang and Liau, Churn-Jung},
  booktitle={IJCAI},
  pages={2948--2954},
  year={2015}
}
@inproceedings{ll92ecai,
  title={Quantitative modal logic and possibilistic reasoning},
  author={Liau, Churn-Jung and Lin, Bertrand I-Peng},
  booktitle={Proceedings of the 10th European conference on Artificial intelligence},
  pages={43--47},
  year={1992},
  organization={John Wiley \& Sons, Inc.}
}
@incollection{dp90rur,
 author = {Dubois, D. and Prade, H.},
 chapter = {An Introduction to Possibilistic and Fuzzy Logics},
 title = {Readings in Uncertain Reasoning},
 editor = {Shafer, Glenn and Pearl, Judea},
 year = {1990},
 isbn = {1-55860-125-2},
 pages = {742--761},
 numpages = {20},
 acmid = {85368},
 publisher = {Morgan Kaufmann Publishers Inc.},
 address = {San Francisco, CA, USA},
} 
@inproceedings{k16lfcs,
  title={Probabilistic justification logic},
  author={Kokkinis, Ioannis and Ognjanovi{\'c}, Zoran and Studer, Thomas},
  booktitle={International Symposium on Logical Foundations of Computer Science},
  pages={174--186},
  year={2016},
  organization={Springer}
}
@article{ow16sl,
  title={Inference as doxastic agency. Part I: The basics of justification {S}{T}{I}{T} logic},
  author={Olkhovikov, Grigory K and Wansing, Heinrich},
  journal={Studia Logica},
  pages={1--28},
  year={2018},
  publisher={Springer}
}
@article{hp17rsl,
  title={Action types in stit semantics},
  author={Horty, John and Pacuit, Eric},
  journal={The Review of Symbolic Logic},
  pages={1--21},
  year={2017},
  publisher={Cambridge University Press}
}
@inproceedings{bht07tark,
  title={A normal simulation of coalition logic and an epistemic extension},
  author={Broersen, Jan and Herzig, Andreas and Troquard, Nicolas},
  booktitle={Proceedings of the 11th conference on Theoretical aspects of rationality and knowledge},
  pages={92--101},
  year={2007},
  organization={ACM}
}
@article{h95jpl,
  title={The deliberative stit: A study of action, omission, ability, and obligation},
  author={Horty, John F and Belnap, Nuel},
  journal={Journal of Philosophical Logic},
  volume={24},
  number={6},
  pages={583--644},
  year={1995},
  publisher={Springer}
}
@book{h01,
  title={Agency and deontic logic},
  author={Horty, John F},
  year={2001},
  publisher={Oxford University Press}
}
@incollection{bp90krdr,
  title={Seeing to it that: A canonical form for agentives},
  author={Belnap, Nuel and Perloff, Michael},
  booktitle={Knowledge representation and defeasible reasoning},
  pages={167--190},
  year={1990},
  publisher={Springer}
}
@inproceedings{ga17tark,
  title={Coalition and Group Announcement Logic},
  author={Galimullin, Rustam and Alechina, Natasha},
  booktitle={Proceedings Sixteenth Conference on Theoretical Aspects of Rationality and Knowledge (TARK) 2017, Liverpool, UK, 24-26 July 2017},
  pages={207--220},
  year={2017}
}
@book{r70,
  title={Probability theory. 1970},
  author={R\'{e}nyi, Alfr\'{e}d},
  series={North-Holland series in Applied Mathematics and Mechanics},
  volume ={10},
  year={1970}
}
@inproceedings{bmm17aamas,
  title={Decidability results for ATL* with imperfect information and perfect recall},
  author={Berthon, Rapha{\"e}l and Maubert, Bastien and Murano, Aniello},
  booktitle={Proceedings of the 16th Conference on Autonomous Agents and MultiAgent Systems},
  pages={1250--1258},
  year={2017},
  organization={International Foundation for Autonomous Agents and Multiagent Systems}
}
@inproceedings{bmmrv17lics,
  title={Strategy logic with imperfect information},
  author={Berthon, Raphael and Maubert, Bastien and Murano, Aniello and Rubin, Sasha and Vardi, Moshe Y},
  booktitle={Logic in Computer Science (LICS), 2017 32nd Annual ACM/IEEE Symposium on},
  pages={1--12},
  year={2017},
  organization={IEEE}
}
@article{aw17ai,
  title={Resolving distributed knowledge},
  author={{\AA}gotnes, Thomas and W{\'a}ng, Y{\`\i} N},
  journal={Artificial Intelligence},
  volume={252},
  pages={1--21},
  year={2017},
  publisher={Elsevier}
}
\@article{mv12ps,
  title={Quasi-stationary distributions and population processes},
  author={M{\'e}l{\'e}ard, Sylvie and Villemonais, Denis},
  journal={Probability Surveys},
  volume={9},
  pages={340--410},
  year={2012},
  publisher={The Institute of Mathematical Statistics and the Bernoulli Society}
}
@article{cclmms09quasi,
  title={Quasi-stationary distributions and diffusion models in population dynamics},
  author={Cattiaux, Patrick and Collet, Pierre and Lambert, Amaury and Mart{\'\i}nez, Servet and M{\'e}l{\'e}ard, Sylvie and San Mart{\'\i}n, Jaime},
  journal={The Annals of Probability},
  volume={37},
  number={5},
  pages={1926--1969},
  year={2009},
  publisher={Institute of Mathematical Statistics}
}
@article{sv08ecp,
  title={On the relationship between subordinate killed and killed subordinate processes},
  author={Song, Renming and Vondra\v{c}ek, Zoran},
  journal={Electronic Communications in Probability},
  volume={13},
  pages={325--336},
  year={2008},
  publisher={The Institute of Mathematical Statistics and the Bernoulli Society}
}
@article{s04entcs,
  title={Alternating-time logic with imperfect recall},
  author={Schobbens, Pierre-Yves},
  journal={Electronic Notes in Theoretical Computer Science},
  volume={85},
  number={2},
  pages={82--93},
  year={2004},
  publisher={Elsevier}
}
@incollection{kp11rce,
  author      = "Kelp, C. and Pedersen, N. J.L.L.",
  title       = "Second-order knowledge",
  editor      = "Bernecker, S. and Pritchard, D.",
  booktitle   = "The Routledge Companion to Epistemology",
  series      = "Routledge philosophy companions",
  publisher   = "Routledge",
  address     = "London",
  year        = 2011,
  pages       = "586-596"
}
@inproceedings{nt18aamas,
  title={Second-Order Know-How Strategies},
  author={Naumov, Pavel and Tao, Jia},
  booktitle={Proceedings of the 2018 International Conference on Autonomous Agents and Multiagent Systems (AAMAS)},
  year={2018},
  pages={390-398}
}
@book{h17,
  title={Reasoning about uncertainty},
  author={Halpern, Joseph Y},
  year={2017},
  publisher={MIT press}
}
@article{drd10igpl,
  title={A logic for reasoning about responsibility},
  author={De Lima, Tiago and Royakkers, Lamb{\'e}r and Dignum, Frank},
  journal={Logic Journal of IGPL},
  volume={18},
  number={1},
  pages={99--117},
  year={2010},
  publisher={Oxford University Press}
}
@article{ot82sl,
  title={The logic of ability, freedom and responsibility},
  author={Oddie, Graham and Tich{\`y}, Pavel},
  journal={Studia Logica},
  volume={41},
  number={2},
  pages={227--248},
  year={1982},
  publisher={Springer}
}
@article{mnp11entcs,
  title={On a logic for coalitional games with priced-resource agents},
  author={Della Monica, Dario and Napoli, Margherita and Parente, Mimmo},
  journal={Electronic Notes in Theoretical Computer Science},
  volume={278},
  pages={215--228},
  year={2011},
  publisher={Elsevier}
}
@article{bdj10svmas,
  title={Model checking logics of strategic ability: Complexity},
  author={Bulling, Nils and Dix, Jurgen and Jamroga, Wojciech},
  journal={Specification and Verification of Multi-Agent Systems},
  pages={125--159},
  year={2010},
  publisher={Springer}
}
@article{alnr17jcss,
  title={Model-checking for resource-bounded {A}{T}{L} with production and consumption of resources},
  author={Alechina, Natasha and Logan, Brian and Nguyen, Hoang Nga and Raimondi, Franco},
  journal={Journal of Computer and System Sciences},
  volume={88},
  pages={126--144},
  year={2017},
  publisher={Elsevier}
}
@book{h16,
  title={Actual causality},
  author={Halpern, Joseph Y},
  year={2016},
  publisher={MIT Press}
}
@inproceedings{cn17ijcai,
  author    = {Rui Cao and
               Pavel Naumov},
  title     = {Budget-Constrained Dynamics in Multiagent Systems},
  booktitle = {Proceedings of the Twenty-Sixth International Joint Conference on
               Artificial Intelligence, {IJCAI} 2017, Melbourne, Australia, August
               19-25, 2017},
  pages     = {915--921},
  year      = {2017},
  doi       = {10.24963/ijcai.2017/127}
}
@article{s17nytimes2,
  title={Hunter Charged With Manslaughter in Killing of Woman Mistaken for a Deer},
  author={Matt Stevens},
  journal={New York Times},
  year={2017},
  month={December 3,},
  day={3},
  note={www.nytimes.com/2017/12/03/nyregion/hunter-charged-shooting.html}
}
@misc{ny17ecl,
  author={{State of New York}},
  title={{E}nvironmental {C}onservation {L}aw, {S}ection 11-0909: {H}unting hours},
  year={2017},
  note={codes.findlaw.com/ny/environmental-conservation-law/env-sect-11-0909.html}
}
@article{s17nytimes,
  title={Woman Fatally Shot by Hunter Who Mistook Her for a Deer, Officials Say},
  author={Matt Stevens},
  journal={New York Times},
  year={2017},
  month={November 26,},
  day={26},
  note={www.nytimes.com/2017/11/26/nyregion/hunter-shot-woman.html}
}
@inproceedings{dn18,
author    = {Kaya Deuser and Pavel Naumov},
  title     = {Armstrong's Axioms and Navigation Strategies},
  booktitle = {32nd AAAI Conference on Artificial Intelligence (AAAI-18)},
  year      = {2018},
  note= {(to appear), arXiv:1707.04106}
}
@article{m56as,
  title={Gedanken-experiments on sequential machines},
  author={Moore, Edward F},
  journal={Automata studies},
  volume={34},
  pages={129--153},
  year={1956}
}
@article{m55bstj, 
author={G. H. Mealy}, 
journal={The Bell System Technical Journal}, 
title={A method for synthesizing sequential circuits}, 
year={1955}, 
volume={34}, 
number={5}, 
pages={1045-1079}, 
doi={10.1002/j.1538-7305.1955.tb03788.x}, 
ISSN={0005-8580}, 
month={Sept}
}
@article{gd06tcs,
title = "Complete axiomatization and decidability of Alternating-time temporal logic",
journal = "Theoretical Computer Science",
volume = "353",
number = "1",
pages = "93 - 117",
year = "2006",
issn = "0304-3975",
doi = "10.1016/j.tcs.2005.07.043",
author = "Valentin Goranko and Govert van Drimmelen",
}
@article{m03eatcs,
  title={Temporal logic with past is exponentially more succinct},
  author={Markey, Nicolas},
  journal={EATCS Bulletin},
  volume={79},
  pages={122--128},
  year={2003},
  publisher={European Association for Theoretical Computer Science}
}
@Inbook{sl10vmcai,
author="S{\'a}nchez, C{\'e}sar
and Leucker, Martin",
title="Regular Linear Temporal Logic with Past",
bookTitle="Verification, Model Checking, and Abstract Interpretation: 11th International Conference, VMCAI 2010, Madrid, Spain, January 17-19, 2010. Proceedings",
year="2010",
publisher="Springer Berlin Heidelberg",
address="Berlin, Heidelberg",
pages="295--311",
doi="10.1007/978-3-642-11319-2_22",
}
@article{amrz16kr,
  title={Prompt Alternating-Time Epistemic Logics},
  author={Aminof, Benjamin and Murano, Aniello and Rubin, Sasha and Zuleger, Florian},
  journal={KR},
  volume={16},
  pages={258--267},
  year={2016}
}
@article{gd07ahr,
  title={A brief primer on Good Samaritan law for health care professionals},
  author={Gulam, Hyder and Devereux, John},
  journal={Australian Health Review},
  volume={31},
  number={3},
  pages={478--482},
  year={2007},
  publisher={CSIRO}
}
@book{r05,
  title={The myth of moral justice: Why our legal system fails to do what's right},
  author={Rosenbaum, Thane},
  year={2005},
  publisher={Harper Collins}
}
@book{ali62,
  title={Model Penal Code: Official Draft and Explanatory Notes. Complete Text of Model Penal Code as Adopted at the 1962 Annual Meeting of the American Law Institute at Washington, D.C., May 24, 1962.},
  author={American Law Institute},
  year={1985 Print},
  publisher={The Institute}
}
@inproceedings{nt18aaai,
author    = {Pavel Naumov and Jia Tao},
  title     = {Strategic Coalitions with Perfect Recall},
  booktitle = {Proceedings of Thirty-Second AAAI Conference on Artificial Intelligence},
  year      = {2018}
}
@article{t79bjcp,
  title={Individuals and groups in social psychology},
  author={Tajfel, Henri},
  journal={British Journal of Clinical Psychology},
  volume={18},
  number={2},
  pages={183--190},
  year={1979},
  publisher={Wiley Online Library}
}
@book{b13,
  title={Role theory: Expectations, identities, and behaviors},
  author={Biddle, Bruce J},
  year={2013},
  publisher={Academic Press}
}
@article{s55ajs,
  title={Reference groups as perspectives},
  author={Shibutani, Tamotsu},
  journal={American journal of Sociology},
  volume={60},
  number={6},
  pages={562--569},
  year={1955},
  publisher={University of Chicago Press}
}
@article{k52rsp,
  title={Two functions of reference groups},
  author={Kelley, Harold H and others},
  journal={Readings in social psychology},
  volume={2},
  pages={410--414},
  year={1952}
}
@article{h42ap,
  title={The psychology of status.},
  author={Hyman, Herbert Hiram},
  journal={Archives of Psychology (Columbia University)},
  year={1942},
  volume={269},
  month={June}
}
@article{t56ajs,
 author = {Ralph H. Turner},
 journal = {American Journal of Sociology},
 number = {4},
 pages = {316-328},
 publisher = {University of Chicago Press},
 title = {Role-Taking, Role Standpoint, and Reference-Group Behavior},
 volume = {61},
 year = {1956}
}
@article{bht09jancl,
author = { Jan   Broersen  and  Andreas   Herzig  and  Nicolas   Troquard },
title = {What groups do, can do, and know they can do: an analysis in normal modal logics},
journal = {Journal of Applied Non-Classical Logics},
volume = {19},
number = {3},
pages = {261-289},
year  = {2009},
publisher = {Taylor & Francis},
doi = {10.3166/jancl.19.261-289},
}
@inproceedings{b08deon,
 title="A Logical Analysis of the Interaction between `Obligation-to-do' and `Knowingly Doing'",
  author={Broersen, Jan},
  booktitle={International Conference on Deontic Logic in Computer Science},
  pages={140--154},
  year={2008},
  publisher={Springer}
}
@article{gjt13jaamas,
author="Goranko, Valentin
and Jamroga, Wojciech
and Turrini, Paolo",
title="Strategic games and truly playable effectivity functions",
journal="Autonomous Agents and Multi-Agent Systems",
year="2013",
month="Mar",
day="01",
volume="26",
number="2",
pages="288--314",
doi="10.1007/s10458-012-9192-y"
}
@book{cw11,
  title={A legal theory for autonomous artificial agents},
  author={Chopra, Samir and White, Laurence F},
  year={2011},
  publisher={University of Michigan Press}
}
@article{dn17arxiv-restricted,
  title={Navigation with Imperfect Information},
  author={Kaya Deuser and Pavel Naumov},
  journal={arXiv:1707.08255},
  year={2017}
}
@article{an17jal,
  title={Lighthouse Principle for Diffusion in Social Networks},
  author={Sanaz Azimipour and Pavel Naumov},
  journal={Journal of Logics and their Applications},
  volume={5},
  number={1},
  year={2018}
}
@article{nt17arxiv-perfect,
  title={Strategic Coalitions with Perfect Recall},
  author={Pavel Naumov and Jia Tao},
  journal={arXiv:1707.04298},
  year={2017}
}
@article{dn17arxiv-armstrong,
  title={Armstrong's Axioms and Navigation Strategies},
  author={Kaya Deuser and Pavel Naumov},
  journal={arXiv:1707.04106},
  year={2017}
}
@misc{nhsa14,
    title={Vehicle-to-Vehicle Communications: Readiness of V2V Technology for Application},
    author={Harding, J. and Powell, G., R. and Yoon, R. and Fikentscher, J. and Doyle, C. and Sade, D. and Lukuc, M. and Simons, J. and Wang, J.},
    year={2014},
    howpublished={Washington, DC: National Highway Traffic Safety Administration},
    note={(Report No. DOT HS 812 014)}
}
@article{nt17arxiv-together,
  title={Together We Know How to Achieve: An Epistemic Logic of Know-How},
  author={Pavel Naumov and Jia Tao},
  journal={arXiv:1705.09349},
  year={2017}
}
@inproceedings{fhlw17ijcai,
author    = {Raul Fervari and Andreas Herzig and Yanjun Li and Yanjing Wang},
  title     = {Strategically knowing how},
  booktitle = {Proceedings of the Twenty-Sixth International Joint Conference on
               Artificial Intelligence, {IJCAI-17}},
  pages     = {1031--1038},
  year      = {2017}
}
@inproceedings{nt17tark,
  author    = {Pavel Naumov and
               Jia Tao},
  title     = {Together We Know How to Achieve: An Epistemic Logic of Know-How},
  year      = {2017},
  booktitle = {16th conference on
Theoretical Aspects of Rationality and Knowledge (TARK), July 24-26, 2017, EPTCS 251},
 location = {Liverpool, United Kingdom},
 pages={441-453}
}
@incollection{g78os,
  title={Notes on data base operating systems},
  author={Gray, James N},
  booktitle={Operating Systems},
  pages={393--481},
  year={1978},
  publisher={Springer},
  doi={10.1007/3-540-08755-9_9}
}
@inproceedings{aeh75sigop,
  title={Some constraints and tradeoffs in the design of network communications},
  author={Akkoyunlu, Eralp A and Ekanadham, Kattamuri and Huber, RV},
  booktitle={ACM SIGOPS Operating Systems Review},
  volume={9},
  number={5},
  pages={67--74},
  year={1975},
  organization={ACM}
}
@article{aa16jlc,
author = {Thomas {\AA}gotnes and Natasha Alechina},
title = {Coalition Logic with Individual, Distributed and Common Knowledge},
journal = {Journal of Logic and Computation},
   year = {2016},
    month = {01},
doi={10.1093/logcom/exv085}
}
@article{cf13jancl,
  title={RASP and ASP as a fragment of linear logic},
  author={Costantini, Stefania and Formisano, Andrea},
  journal={Journal of Applied Non-Classical Logics},
  volume={23},
  number={1-2},
  pages={49--74},
  year={2013},
  publisher={Taylor \& Francis}
}
@article{r98dsl,
  title={A logic-based modeling of resource consumption and production},
  author={Ryu, Young U},
  journal={Decision support systems},
  volume={22},
  number={3},
  pages={243--257},
  year={1998},
  publisher={Elsevier}
}
@inproceedings{lw17icla,
  title={Achieving while maintaining: A logic of knowing how with intermediate constraints},
  author={Li, Yanjun and Wang, Yanjing},
  booktitle={Logic and Its Applications: Proceedings of 7th Indian Conference, ICLA 2017, Kanpur, India, January 5-7, 2017},
  pages={154--167},
  year={2017},
  publisher={Springer}
}
@article{w17synthese,
  title={A logic of goal-directed knowing how},
  author={Wang, Yanjing},
  journal={Synthese},
  pages={1--21},
  year={2016},
  publisher={Springer}
}
@incollection{w15lori,
  title={A logic of knowing how},
  author={Wang, Yanjing},
  booktitle={Logic, Rationality, and Interaction},
  pages={392--405},
  year={2015},
  publisher={Springer}
}
@inproceedings{nsm01,
  title={The HOL/NuPRL proof translator},
  author={Naumov, Pavel and Stehr, Mark-Oliver and Meseguer, Jos{\'e}},
  booktitle={International Conference on Theorem Proving in Higher Order Logics},
  pages={329--345},
  year={2001},
  organization={Springer}
}
@inproceedings{cjnu00,
  title={Constructively formalizing automata theory.},
  author={Constable, Robert L and Jackson, Paul B and Naumov, Pavel and Uribe, Juan C},
  booktitle={Proof, Language, and Interaction},
  pages={213--238},
  year={2000}
}
@article{nt15jlc2,
  title={Knowledge in communication networks},
  author={Naumov, Pavel G and Tao, Jia},
  journal={Journal of Logic and Computation},
  pages={exv080},
  year={2015},
  publisher={Oxford Univ Press}
}
@article{nt17jal2,
  title={Marketing impact on diffusion in social networks},
  author={Naumov, Pavel and Tao, Jia},
  journal={Journal of Applied Logic},
  volume={20},
  pages={49--74},
  year={2017},
  publisher={Elsevier}
}
@inproceedings{nt17aamas,
  title={Coalition Power in Epistemic Transition Systems},
  author={Naumov, Pavel and Tao, Jia},
  booktitle={Proceedings of the 2017 International Conference on Autonomous Agents and Multiagent Systems (AAMAS)},
  year={2017},
  pages={723--731}
}
@article{nt17jal,
  title={Price of privacy},
  author={Naumov, Pavel and Tao, Jia},
  journal={Journal of Applied Logic},
  volume={20},
  pages={32--48},
  year={2017},
  publisher={Elsevier}
}
@inproceedings{nt16jelia,
  title={Information Flow Under Budget Constraints},
  author={Naumov, Pavel and Tao, Jia},
  booktitle={European Conference on Logics in Artificial Intelligence (JELIA)},
  pages={353--368},
  year={2016},
  organization={Springer}
}
@inproceedings{bf10ecai,
  title={On the (Un-) Decidability of Model Checking Resource-Bounded Agents.},
  author={Bulling, Nils and Farwer, Berndt},
  booktitle={ECAI},
  volume={10},
  pages={567--572},
  year={2010}
}

@article{v01ber,
  title={Games in Dynamic-Epistemic Logic},
  author={van Benthem, Johan},
  journal={Bulletin of Economic Research},
  volume={53},
  number={4},
  pages={219--248},
  year={2001},
  publisher={Wiley Online Library},
  doi={10.1111/1467-8586.00133}
}

@article{ja07jancl,
  title={Constructive knowledge: what agents can achieve under imperfect information},
  author={Jamroga, Wojciech and {\AA}gotnes, Thomas},
  journal={Journal of Applied Non-Classical Logics},
  volume={17},
  number={4},
  pages={423--475},
  year={2007},
  publisher={Taylor \& Francis},
  doi={10.3166/jancl.17.423-475}
}
@article{jv04fm,
  title={Agents that know how to play},
  author={Jamroga, Wojciech and van der Hoek, Wiebe},
  journal={Fundamenta Informaticae},
  volume={63},
  number={2-3},
  pages={185--219},
  year={2004},
  publisher={IOS Press}
}

@inproceedings{b14sr,
  author    = {Francesco Belardinelli},
  title     = {Reasoning about Knowledge and Strategies: Epistemic Strategy Logic},
  booktitle = {Proceedings 2nd International Workshop on Strategic Reasoning, {SR}
               2014, Grenoble, France, April 5-6, 2014},
  pages     = {27--33},
  year      = {2014},
  volume    = {146},
  series    = {{EPTCS}}
}
@article{avw09ai,
title = "Reasoning about coalitional games",
journal = "Artificial Intelligence",
volume = "173",
number = "1",
pages = "45 - 79",
year = "2009",
note = "",
issn = "0004-3702",
author = "Thomas {\AA}gotnes and Wiebe van der Hoek and Michael Wooldridge",
keywords = "Multi-agent systems",
keywords = "Knowledge representation",
keywords = "Coalitional games",
keywords = "Modal logic",
doi={10.1016/j.artint.2008.08.004}
}
@article{abvs10jal,
title = "Group announcement logic ",
journal = "Journal of Applied Logic ",
volume = "8",
number = "1",
pages = "62 - 81",
year = "2010",
note = "",
issn = "1570-8683",
author = "Thomas {\AA}gotnes and Philippe Balbiani and Hans van Ditmarsch and Pablo Seban",
keywords = "Dynamic epistemic logic",
keywords = "Agency",
keywords = "Coalitional ability",
keywords = "Information-based protocols ",
doi={10.1016/j.jal.2008.12.002}
}
@inproceedings{sgvw06aamas,
 author = {Sauro, Luigi and Gerbrandy, Jelle and van der Hoek, Wiebe and Wooldridge, Michael},
 title = {Reasoning About Action and Cooperation},
 booktitle = {Proceedings of the Fifth International Joint Conference on Autonomous Agents and Multiagent Systems},
 series = {AAMAS '06},
 year = {2006},
 isbn = {1-59593-303-4},
 location = {Hakodate, Japan},
 pages = {185--192},
 numpages = {8},
 doi = {10.1145/1160633.1160663},
 acmid = {1160663},
 publisher = {ACM},
 address = {New York, NY, USA},
 keywords = {(multi-)agent planning, agent and multi-agent architectures, cooperation and coordination among agents, logics for agent systems},
}
@inproceedings{b07ijcai,
title={Coalitions in Action Logic},
author={Borgo, Stefano},
booktitle={20th International Joint Conference on Artificial Intelligence},
pages={1822--1827},
year={2007}
}
@article{vw05ai,
title = "On the logic of cooperation and propositional control",
journal = "Artificial Intelligence",
volume = "164",
number = "1",
pages = "81 - 119",
year = "2005",
note = "",
issn = "0004-3702",
author = "Wiebe van der Hoek and Michael Wooldridge",
}
@article{vw03sl,
 title={Cooperation, knowledge, and time: Alternating-time temporal epistemic logic and its applications},
  author={van der Hoek, Wiebe and Wooldridge, Michael},
  journal={Studia Logica},
  volume={75},
  number={1},
  pages={125--157},
  year={2003},
  publisher={Springer},
  doi={10.1023/A:1026171312755}
}
@inproceedings{g01tark,
  title={Coalition games and alternating temporal logics},
  author={Goranko, Valentin},
  booktitle={Proceedings of the 8th conference on Theoretical aspects of rationality and knowledge},
  pages={259--272},
  year={2001},
  organization={Morgan Kaufmann Publishers Inc.}
}
@phdthesis{p01illc,
    title    = {Logic for Social Software},
    school   = {Institute for Logic, Language, and Computation},
    author   = {Marc Pauly},
    year     = {2001}, 
}
@inproceedings{aa12aamas,
  title={Epistemic coalition logic: completeness and complexity},
  author={{\AA}gotnes, Thomas and Alechina, Natasha},
  booktitle={Proceedings of the 11th International Conference on Autonomous Agents and Multiagent Systems-Volume 2 (AAMAS)},
  pages={1099--1106},
  year={2012}
}
@article{nt15jlc,
  title={A modal logic for reasoning about economic policies},
  author={Naumov, Pavel G and Tao, Jia},
  journal={Journal of Logic and Computation},
  pages={exv053},
  year={2015},
  publisher={Oxford Univ Press}
}
@inproceedings{bfl16aamas,
  title={A logical theory of belief dynamics for resource-bounded agents},
  author={Balbiani, Philippe and Fern{\'a}ndez-Duque, David and Lorini, Emiliano},
  booktitle={Proceedings of the 2016 International Conference on Autonomous Agents \& Multiagent Systems},
  pages={644--652},
  year={2016},
  organization={International Foundation for Autonomous Agents and Multiagent Systems}
}
@inproceedings{alnrm15aamas,
  title={Symbolic model-checking for resource-bounded {A}{T}{L}},
  author={Alechina, Natasha and Logan, Brian and Nguyen, Hoang Nga and Raimondi, Franco and Mostarda, Leonardo},
  booktitle={Proceedings of the 2015 International Conference on Autonomous Agents and Multiagent Systems},
  pages={1809--1810},
  year={2015},
  organization={International Foundation for Autonomous Agents and Multiagent Systems}
}
@inproceedings{bfl16loft,
  author    = {Philippe Balbiani and David Fern\'andez-Duque and Emiliano Lorini},
  title     = {A Logical Theory of Belief Dynamics for Resource-Bounded Agents},
  booktitle = {12th Conference on Logic 
		and the Foundations of Game and Decision Theory (LOFT), Maastricht, the Netherlands},
  year      = {2016}
}
@article{l78,
	author = {Wolfgang Lenzen},
	number = {1},
	pages = {1--219},
	publisher = {North-Holland Publishing Company},
	title = {Recent Work in Epistemic Logic},
	journal = {Acta Philosophica Fennica},
	year = {1978},
	volume = {30}
}
@article{hp06jair,
 author = {Halpern, Joseph Y. and Pucella, Riccardo},
 title = {A Logic for Reasoning About Evidence},
 journal = {J. Artif. Int. Res.},
 issue_date = {May 2006},
 volume = {26},
 number = {1},
 month = may,
 year = {2006},
 issn = {1076-9757},
 pages = {1--34},
 numpages = {34},
 url = {http://dl.acm.org/citation.cfm?id=1622559.1622560},
 acmid = {1622560},
 publisher = {AI Access Foundation},
 address = {USA},
} 
@article{bp11sl,
  title={Dynamic logics of evidence-based beliefs},
  author={van Benthem, Johan and Pacuit, Eric},
  journal={Studia Logica},
  volume={99},
  number={1-3},
  pages={61--92},
  year={2011},
  publisher={Springer}
}
@misc{k76,
  title={Einf{\"u}hrung in die intensional Semantik},
  author={Kutschera, F von},
  year={1976},
  publisher={de Gruyter}
}
@article{a01bsl,
  title={Explicit provability and constructive semantics},
  author={Artemov, Sergei N},
  journal={Bulletin of Symbolic logic},
  pages={1--36},
  year={2001},
  publisher={JSTOR}
}
@inproceedings{bcrs16loft,
  author    = {Alexandru Baltag and Zo\'{e} Christoff and Rasmus K. Rendsvig and Sonja Smets},
  title     = {Dynamic Epistemic Logics of Diffusion and Prediction in Social Networks},
  booktitle = {12th Conference on Logic 
		and the Foundations of Game and Decision Theory (LOFT), Maastricht, the Netherlands},
  year      = {2016}
}
@article{f99jancl,
  title={Barcan both ways},
  author={Fitting, Melvin},
  journal={Journal of Applied Non-Classical Logics},
  volume={9},
  number={2-3},
  pages={329--344},
  year={1999},
  publisher={Taylor \& Francis}
}
@article{f08apal,
  title={A quantified logic of evidence},
  author={Fitting, Melvin},
  journal={Annals of Pure and Applied Logic},
  volume={152},
  number={1},
  pages={67--83},
  year={2008},
  publisher={Elsevier}
}
@article{f70theoria,
  title={Propositional quantifiers in modal logic},
  author={Fine, Kit},
  journal={Theoria},
  volume={36},
  number={3},
  pages={336--346},
  year={1970},
  publisher={Wiley Online Library}
}
@article{c67jsl,
  title={A {H}enkin completeness for {T}},
  author={Cresswell, Max J},
  journal={Notre Dame Journal of Formal Logic},
  volume={8},
  number={3},
  pages={186--190},
  year={1967},
  publisher={University of Notre Dame}
}
@article{k59jsl,
  title={A completeness theorem in modal logic},
  author={Kripke, Saul A},
  journal={The Journal of Symbolic Logic},
  volume={24},
  number={01},
  pages={1--14},
  year={1959},
  publisher={Cambridge Univ Press}
}
@article{p56jsl,
  title={Modality and quantification in {S}5},
  author={Prior, Arthur N},
  journal={The Journal of Symbolic Logic},
  volume={21},
  number={01},
  pages={60--62},
  year={1956},
  publisher={Cambridge Univ Press}
}
@article{b46jsl,
  title={A functional calculus of first order based on strict implication},
  author={Barcan, Ruth C},
  journal={The Journal of Symbolic Logic},
  volume={11},
  number={01},
  pages={1--16},
  year={1946},
  publisher={Cambridge Univ Press}
}
@book{ll32,
  title={Symbolic Logic},
  author={Lewis, CI and Langford, CH},
  publisher={The Century Co.},
  year={1932}
}
@book{m09,
  title={Introduction to mathematical logic},
  author={Mendelson, Elliott},
  year={2009},
  publisher={CRC press}
}
@inproceedings{nt16loft2,
  author    = {Pavel Naumov and
               Jia Tao},
  title     = {Price of Privacy},
  booktitle = {12th Conference on Logic 
		and the Foundations of Game and Decision Theory (LOFT), Maastricht, the Netherlands},
  year      = {2016}
}
@inproceedings{nt16loft,
  author    = {Pavel Naumov and
               Jia Tao},
  title     = {Marketing Impact on Diffusion in Social Networks},
  booktitle = {12th Conference on Logic 
		and the Foundations of Game and Decision Theory (LOFT), Maastricht, the Netherlands},
  year      = {2016}
}
@inproceedings{glp15aamas,
  title={Propositional Opinion Diffusion},
  author={Grandi, Umberto and Lorini, Emiliano and Perrussel, Laurent},
  booktitle={Proceedings of the 2015 International Conference on Autonomous Agents and Multiagent Systems},
  pages={989--997},
  year={2015},
  organization={International Foundation for Autonomous Agents and Multiagent Systems}
}
@inproceedings{hls04fiks,
 title={Weak functional dependencies in higher-order datamodels},
 author={Hartmann, S. and Link, S. and Schewe, K.D.},
 booktitle={International Symposium on Foundations of Information and Knowledge Systems},
 pages={116--133},
 year={2004},
 publisher={Springer},
address = {Berlin Heidelberg}
}
@article{nt16arxiv-marketing,
  title={Marketing Impact on Diffusion in Social Networks},
  author={Pavel Naumov and Jia Tao},
  journal={arXiv preprint arXiv:1601.05283},
  year={2016}
}
@article{an16arxiv,
  title={Lighthouse Principle for Diffusion in Social Networks},
  author={Sanaz Azimipour and Pavel Naumov},
  journal={arXiv preprint arXiv:1601.04098},
  year={2016}
}
@article{nt15arxiv2,
  title={The Budget-Constrained Functional Dependency},
  author={Naumov, Pavel and Tao, Jia},
  journal={arXiv preprint 	arXiv:1507.05964},
  year={2015}
}

@article{l14latimes,
  title={Privacy price gouging, courtesy of phone companies},
  author={David Lazarus},
  journal={Los Angeles Times},
  year={April 14, 2014},
  note={www.latimes.com/business/la-fi-lazarus-20140415-column.html}
}
@book{a11,
  title={Polling and the Public: What Every Citizen Should Know: What Every Citizen Should Know},
  author={Asher, H.},
  isbn={9781483304977},
  url={https://books.google.com/books?id=KTPZymyY--wC},
  year={2011},
  publisher={SAGE Publications}
}
@incollection{bf10clima,
  title={Expressing properties of resource-bounded systems: The logics {R}{T}{L}* and {R}{T}{L}},
  author={Bulling, Nils and Farwer, Berndt},
  booktitle={Computational Logic in Multi-Agent Systems},
  pages={22--45},
  year={2010},
  publisher={Springer}
}
@article{alnr11jlc,
author = {Natasha Alechina and Brian Logan and Nguyen, Hoang Nga and Abdur Rakib},
title = {Logic for coalitions with bounded resources},
journal = {Journal of Logic and Computation},
volume = 21,
number = 6,
pages = {907--937},
month = {December},
year = 2011,
}
@inproceedings{alw04aamas,
author =    {Natasha Alechina and Brian Logan and Mark Whitsey},
title =    {A Complete and Decidable Logic for Resource-Bounded Agents},
booktitle =    {Proceedings of the Third International Joint Conference on Autonomous Agents and Multi-Agent Systems {(AAMAS 2004)}},
pages =    {606--613},
year =    2004,
editor =     {Nicholas R. Jennings and Charles Sierra and Liz Sonenberg and Milind Tambe},
address =    {New York},
month =    {July},
publisher =    {{ACM} Press},
}
@inproceedings{al02aamas,
author =    {Natasha Alechina and Brian Logan},
title =    {Ascribing beliefs to resource bounded agents},
booktitle =    {Proceedings of the First International Joint Conference on Autonomous Agents and Multi-Agent Systems {(AAMAS 2002)}},
pages =    {881--888},
year =    2002,
volume =    2,
address =    {Bologna},
month =    {July},
publisher =    {{ACM} Press},
isbn = {1-58113-480-0},
}
@incollection{jt13clima,
year={2013},
isbn={978-3-642-40623-2},
booktitle={Computational Logic in Multi-Agent Systems},
volume={8143},
series={Lecture Notes in Computer Science},
editor={Leite, Jo\~{a}o and Son, Tran Cao and Torroni, Paolo and van der Torre, Leon and Woltran, Stefan},
title={Accumulative Knowledge under Bounded Resources},
publisher={Springer Berlin Heidelberg},
author={Jamroga, Wojciech and Tabatabaei, Masoud},
pages={206-222},
language={English}
}
@book{v85,
  title={Fundamentals of dependency theory},
  author={Vardi, Moshe Y},
  year={1985},
  publisher={IBM Thomas J. Watson Research Division}
}
@book{k10,
  title={Digital Signatures},
  author={Katz, Jonathan},
  year={2010},
  publisher={Springer Science \& Business Media}
}
@article{hp06slpr,
  title={Modal logic for games and information},
  author={van der Hoek, Wiebe and Pauly, Marc},
  journal={Handbook of modal logic},
  volume={3},
  pages={1077--1148},
  year={2006},
  publisher={Elsevier, Amsterdam}
}

@incollection{rw04fsscs,
year={2004},
isbn={978-3-540-21298-0},
booktitle={Foundations of Software Science and Computation Structures},
volume={2987},
series={Lecture Notes in Computer Science},
editor={Walukiewicz, Igor},
title={Reasoning about Dynamic Policies},
publisher={Springer Berlin Heidelberg},
author={Pucella, Riccardo and Weissman, Vicky},
pages={453-467},
language={English}
}

@article{hw08tiss,
 author = {Halpern, Joseph Y. and Weissman, Vicky},
 title = {Using First-Order Logic to Reason About Policies},
 journal = {ACM Transactions on Information and System Security},
 issue_date = {July 2008},
 volume = {11},
 number = {4},
 month = jul,
 year = {2008},
 issn = {1094-9224},
 pages = {21:1--21:41},
 articleno = {21},
 numpages = {41},
 acmid = {1380569},
 publisher = {ACM},
 address = {New York, NY, USA},
 keywords = {Digital rights management},
} 

@article{avw10ljigpl,
  title={Robust normative systems and a logic of norm compliance},
  author={{\AA}gotnes, Thomas and van der Hoek, Wiebe and Wooldridge, Michael},
  journal={Logic Journal of IGPL},
  volume={18},
  number={1},
  pages={4--30},
  year={2010},
  publisher={Oxford Univ Press}
}
@article{hmvw03fi,
 author = {Harrenstein, Paul and Meyer, John-Jules and van der Hoek, Wiebe and Witteveen, Cees},
 title = {A Modal Characterization of {N}ash Equilibrium},
 journal = {Fundam. Inf.},
 issue_date = {February 2003},
 volume = {57},
 number = {2-4},
 month = feb,
 year = {2003},
 issn = {0169-2968},
 pages = {281--321},
 numpages = {41},
 url = {http://dl.acm.org/citation.cfm?id=986485.986494},
 acmid = {986494},
 publisher = {IOS Press},
 address = {Amsterdam, The Netherlands, The Netherlands},
 keywords = {Nash Equilibrium, dynamic logic, game theory, modal logic},
} 
@article{tvw11jpl,
  title={Reasoning about social choice functions},
  author={Troquard, Nicolas and van der Hoek, Wiebe and Wooldridge, Michael},
  journal={Journal of Philosophical Logic},
  volume={40},
  number={4},
  pages={473--498},
  year={2011},
  publisher={Springer}
}
@article{wekl13ai,
  title={Incentive engineering for Boolean games},
  author={Wooldridge, Michael and Endriss, Ulle and Kraus, Sarit and Lang, J{\'e}r{\^o}me},
  journal={Artificial Intelligence},
  volume={195},
  pages={418--439},
  year={2013},
  publisher={Elsevier}
}
@article{v14arxiv,
  title={The Logic of Approximate Dependence},
  author={V{\"a}{\"a}n{\"a}nen, Jouko},
  journal={arXiv preprint arXiv:1408.4437},
  year={2014}
}
@incollection{v17parikh,
  title={The logic of approximate dependence},
  author={V{\"a}{\"a}n{\"a}nen, Jouko},
  booktitle={Rohit Parikh on Logic, Language and Society},
  pages={227--234},
  year={2017},
  publisher={Springer}
}
@book{v07,
  title={Dependence logic: A new approach to independence friendly logic},
  author={V{\"a}{\"a}n{\"a}nen, Jouko},
  volume={70},
  year={2007},
  publisher={Cambridge University Press}
}
@inproceedings{bv06dsaa,
  title={Data tables with similarity relations: functional dependencies, complete rules and non-redundant bases},
  author={B{\v{e}}lohl{\'a}vek, Radim and Vychodil, Vil{\'e}m},
  booktitle={Database Systems for Advanced Applications},
  pages={644--658},
  year={2006},
  organization={Springer}
}
@inproceedings{v04ppdp,
  title={The Costs and Benefits of Privacy},
  author={Armgard von Reden},
  booktitle={The 26th International Conference on Privacy and Personal Data Protection},
  year={2004}
}
@inproceedings{s03weis,
  title={Paying for privacy: Consumers and infrastructures},
  author={Shostack, Adam},
  booktitle={2nd Annual Workshop on Economics and Information Security-WEIS},
  volume={3},
  year={2003}
}
@incollection{v09eapp,
year={2009},
isbn={978-1-4419-0037-1},
booktitle={Internet Policy and Economics},
editor={Lehr, William H. and Pupillo, Lorenzo Maria},
title={Economic Aspects of Personal Privacy},
publisher={Springer US},
author={Varian, Hal R.},
pages={101-109},
language={English}
}

@article{zz09ai,
  title={Knowledge forgetting: Properties and applications},
  author={Zhang, Yan and Zhou, Yi},
  journal={Artificial Intelligence},
  volume={173},
  number={16},
  pages={1525--1537},
  year={2009},
  publisher={Elsevier}
}
@article{vhlm09synthese,
  title={Introspective forgetting},
  author={van Ditmarsch, Hans and Herzig, Andreas and Lang, J{\'e}r{\^o}me and Marquis, Pierre},
  journal={Synthese},
  volume={169},
  number={2},
  pages={405--423},
  year={2009},
  publisher={Springer}
}
@inproceedings{eklw11aamas,
  title={Designing incentives for boolean games},
  author={Endriss, Ulle and Kraus, Sarit and Lang, J{\'e}r{\^o}me and Wooldridge, Michael},
  booktitle={The 10th International Conference on Autonomous Agents and Multiagent Systems-Volume 1},
  pages={79--86},
  year={2011},
  organization={International Foundation for Autonomous Agents and Multiagent Systems}
}
@incollection{kkt05alp,
  title={Influential nodes in a diffusion model for social networks},
  author={Kempe, David and Kleinberg, Jon and Tardos, {\'E}va},
  booktitle={Automata, languages and programming},
  pages={1127--1138},
  year={2005},
  publisher={Springer}
}
@incollection{snk08kiies,
year={2008},
isbn={978-3-540-85566-8},
booktitle={Knowledge-Based Intelligent Information and Engineering Systems},
volume={5179},
series={Lecture Notes in Computer Science},
editor={Lovrek, Ignac and Howlett, Robert J. and Jain, Lakhmi C.},
title={Prediction of Information Diffusion Probabilities for Independent Cascade Model},
publisher={Springer Berlin Heidelberg},
author={Saito, Kazumi and Nakano, Ryohei and Kimura, Masahiro},
pages={67-75},
language={English}
}

@article{lsg14synthese,
year={2014},
issn={0039-7857},
journal={Synthese},
volume={191},
number={11},
title={Logical dynamics of belief change in the community},
publisher={Springer Netherlands},
keywords={Belief revision; Belief influence; Community; Plausibility judgement},
author={Liu, Fenrong and Seligman, Jeremy and Girard, Patrick},
pages={2403-2431},
language={English}
}

@inproceedings{nt15aamas,
  title={Budget-Constrained Knowledge in Multiagent Systems},
  author={Naumov, Pavel and Tao, Jia},
  booktitle={Proceedings of the 2015 International Conference on Autonomous Agents and Multiagent Systems (AAMAS)},
  pages={219--226},
  year={2015},
  organization={International Foundation for Autonomous Agents and Multiagent Systems}
}

@article{nt15synthese,
  title={Logic of confidence},
  author={Naumov, Pavel and Tao, Jia},
  journal={Synthese},
  volume={192},
  number={6},
  pages={1821--1838},
  year={2015},
  publisher={Springer}
}
@article{nn14jpl,
year={2014},
issn={0022-3611},
journal={Journal of Philosophical Logic},
volume={43},
number={2-3},
title={Rationally Functional Dependence},
publisher={Springer Netherlands},
keywords={Axiomatization; Rationality; Completeness; Dependency},
author={Naumov, Pavel and Nicholls, Brittany},
pages={603-616},
language={English}
}
@book{s78,
  title={Micromotives and Macrobehavior},
  author={Thomas Schelling},
  year={1978},
  publisher={Norton}
}
@article{g78ajs,
  title={Threshold models of collective behavior},
  author={Granovetter, Mark},
  journal={American journal of sociology},
  pages={1420--1443},
  year={1978},
  publisher={JSTOR}
}
@article{am14fi,
  title={Social Networks with Competing Products},
  author={Apt, Krzysztof R and Markakis, Evangelos},
  journal={Fundamenta Informaticae},
  volume={129},
  number={3},
  pages={225--250},
  year={2014},
  publisher={IOS Press}
}
@inproceedings{kkt03sigkdd,
  title={Maximizing the spread of influence through a social network},
  author={Kempe, David and Kleinberg, Jon and Tardos, {\'E}va},
  booktitle={Proceedings of the ninth ACM SIGKDD international conference on Knowledge discovery and data mining},
  pages={137--146},
  year={2003},
  organization={ACM}
}
@article{macy91asr,
  title={Chains of cooperation: Threshold effects in collective action},
  author={Macy, Michael W},
  journal={American Sociological Review},
  pages={730--747},
  year={1991},
  publisher={JSTOR}
}
@article{v96sn,
  title={Social network thresholds in the diffusion of innovations},
  author={Valente, Thomas W},
  journal={Social networks},
  volume={18},
  number={1},
  pages={69--89},
  year={1996},
  publisher={Elsevier}
}
@article{nt15arxiv,
  author    = {Pavel Naumov and Jia Tao},
  title     = {Knowledge in Communication Networks},
  journal   = {CoRR},
  volume    = {{\tt arXiv:1501.03028}},
  year      = {2015},
  ee        = {http://arxiv.org/abs/1501.03028}
}
@book{clrc09,
  title={Introduction to Algorithms},
  author={Cormen, Thomas H and Leiserson, Charles E and Rivest, Ronald L and Stein, Clifford},
  edition={3rd},
  year={2009},
  publisher={MIT Press}
}
@inproceedings{cr14elisiem,
  author    = {Zo\'{e} Christoff and Rasmus K. Rendsvig},
  title     = {Dynamic Logics for Threshold Models and their Epistemic Extension},
  year      = {2014},
  booktitle = {Epistemic Logic for Individual, Social, and Interactive Epistemology workshop},
 location = {T\"{u}bingen, Germany},
 pages = {}
}
@article{ch15jal,
title = "A logic for diffusion in social networks ",
journal = "Journal of Applied Logic ",
volume = "13",
number = "1",
pages = "48 - 77",
year = "2015",
note = "",
issn = "1570-8683",
author = "Zo\'{e} Christoff and Jens Ulrik Hansen",
keywords = "Modal logic",
keywords = "Hybrid logic",
keywords = "Social networks analysis",
keywords = "Diffusion in social networks "
}
@inproceedings{slg13tark,
  author    = {Jeremy Seligman and  Fenrong Liu and Patrick Girard},
  title     = {Facebook and the Epistemic Logic of Friendship},
  year      = {2013},
  booktitle = {14th conference on
Theoretical Aspects of Rationality and Knowledge (TARK `13), January 2013, Chennai, India},
 location = {Chennai, India},
 pages = {229--238}
}

@incollection{slg11lia,
  title={Logic in the community},
  author={Seligman, Jeremy and Liu, Fenrong and Girard, Patrick},
  booktitle={Logic and Its Applications},
  pages={178--188},
  year={2011},
  publisher={Springer}
}
@book{m53,
  title={Who shall survive?: Foundations of Sociometry, Group Psychotherapy and Sociodrama},
  author={Moreno, Jacob Levy},
  year={1953},
  publisher={Beacon House Inc.}
}
@book{m34,
  title={Who shall survive?: A new approach to the problem of human interrelations.},
  author={Moreno, Jacob Levy},
  year={1934},
  publisher={Nervous and Mental Disease Publishing Co}
}
@article{ra09btlj,
  title={Privacy costs and personal data protection: Economic and legal perspectives},
  author={Romanosky, Sasha and Acquisti, Alessandro},
  journal={Berkeley Technology Law Journal},
  volume={24},
  pages={1061},
  year={2009},
  publisher={HeinOnline}
}
@article{d12nytimes,
  title={How Companies Learn Your Secrets},
  author={Charles Duhigg},
  journal={New York Times},
  year={February 16, 2012},
  note={www.nytimes.com/2012/02/19/magazine/shopping-habits.html}
}
@article{r11nytimes,
  title={How to Fix (Or Kill) Web Data About You},
  author={Riva Richmond},
  journal={New York Times},
  year={April 14, 2011},
  note={www.nytimes.com/2011/04/14/technology/\\
  personaltech/14basics.html}
}
@article{h13npr,
  title={When Your Data Is Currency, What Does Your Privacy Cost?},
  author={Linda Holmes},
  journal={National Public Radio},
  year={June 9, 2013},
  note={http://www.npr.org/blogs/monkeysee/2013/06/09/\\189857722/when-your-data-is-your-currency-what-does-your-privacy-cost}
}
@inproceedings{hhmw02ecai,
  title={On modal logic interpretations of games},
  author={Harrenstein, Paul and van der Hoek, Wiebe and Meyer, John-Jules and Witteveen, Cees},
  booktitle={ECAI},
  pages={28--32},
  year={2002}
}

@Article{ls10games,
AUTHOR = {Lorini, Emiliano and Schwarzentruber, Fran{\c{c}}ois},
TITLE = {A Modal Logic of Epistemic Games},
JOURNAL = {Games},
VOLUME = {1},
YEAR = {2010},
NUMBER = {4},
PAGES = {478--526},
URL = {http://www.mdpi.com/2073-4336/1/4/478},
ISSN = {2073-4336}
}
@Article{bpr11games,
AUTHOR = {van Benthem, Johan and Pacuit, Eric and Roy, Olivier},
TITLE = {Toward a Theory of Play: A Logical Perspective on Games and Interaction},
JOURNAL = {Games},
VOLUME = {2},
YEAR = {2011},
NUMBER = {1},
PAGES = {52--86},
URL = {http://www.mdpi.com/2073-4336/2/1/52},
ISSN = {2073-4336},
DOI = {10.3390/g2010052}
}
@article{b02rdp,
  title={Modal logic and game theory: two alternative approaches},
  author={Bonanno, Giacomo},
  journal={Risk, Decision and Policy},
  volume={7},
  number={03},
  pages={309--324},
  year={2002},
  publisher={Cambridge Univ Press}
}
@inproceedings{bms98,
 author = {Baltag, Alexandru and Moss, Lawrence S. and Solecki, Slawomir},
 title = {The Logic of Public Announcements, Common Knowledge, and Private Suspicions},
 booktitle = {Proceedings of the 7th Conference on Theoretical Aspects of Rationality and Knowledge},
 series = {TARK '98},
 year = {1998},
 isbn = {1-55860-563-0},
 location = {Evanston, Illinois},
 pages = {43--56},
 numpages = {14},
 publisher = {Morgan Kaufmann Publishers Inc.},
} 
@book{htk00,
  title={Dynamic logic},
  author={Harel, David and Tiuryn, Jerzy and Kozen, Dexter},
  year={2000},
  publisher={MIT press}
}
@inproceedings{mp92tark,
  title={Topological reasoning and the logic of knowledge: preliminary report},
  author={Moss, Lawrence S and Parikh, Rohit},
  booktitle={Proceedings of the 4th conference on Theoretical aspects of reasoning about knowledge},
  pages={95--105},
  year={1992},
  organization={Morgan Kaufmann Publishers Inc.}
}
@inproceedings{cos14aamas,
  title={Big brother logic: reasoning about agents equipped with surveillance cameras in the plane},
  author={Charrier, Tristan and Ouchet, Florent and Schwarzentruber, Fran{\c{c}}ois},
  booktitle={Proceedings of the 2014 international conference on Autonomous agents and multi-agent systems},
  pages={1633--1634},
  year={2014},
  organization={International Foundation for Autonomous Agents and Multiagent Systems}
}
@article{swz10apal,
title = "A modal logic framework for reasoning about comparative distances and topology ",
journal = "Annals of Pure and Applied Logic ",
volume = "161",
number = "4",
pages = "534 - 559",
year = "2010",
note = "",
issn = "0168-0072",
author = "Mikhail Sheremet and Frank Wolter and Michael Zakharyaschev",
keywords = "Modal logic",
keywords = "Conditional logics",
keywords = "Metric spaces",
keywords = "Topology",
keywords = "Diophantine equations "
}

@article{m14apal,
title = "The Logic of Uncertain Justifications",
journal = "Annals of Pure and Applied Logic ",
volume = "165",
number = "1",
pages = "305 - 315",
year = "2014",
note = "The Constructive in Logic and Applications ",
issn = "0168-0072",
author = "Robert S. Milnikel",
keywords = "Justification logic",
keywords = "Epistemic logic",
keywords = "Uncertain reasoning ",
abstract = "Abstract In ArtemovÃÅs Justification Logic, one can make statements interpreted as Ã¢ÂÂt is evidence for the truth of formula F.Ã¢ÂÂ We propose a variant of this logic in which one can say Ã¢ÂÂI have degree r of confidence that t is evidence for the truth of formula F.Ã¢ÂÂ After defining both an axiomatic approach and a semantics for this Logic of Uncertain Justifications, we will prove the usual soundness and completeness theorems. "
}
@article{hs91jacm,
  title={A propositional modal logic of time intervals},
  author={Halpern, Joseph Y and Shoham, Yoav},
  journal={Journal of the ACM (JACM)},
  volume={38},
  number={4},
  pages={935--962},
  year={1991},
  publisher={ACM}
}
@incollection{k07arco,
  title={Hardness of embedding metric spaces of equal size},
  author={Khot, Subhash and Saket, Rishi},
  booktitle={Approximation, Randomization, and Combinatorial Optimization. Algorithms and Techniques},
  pages={218--227},
  year={2007},
  publisher={Springer}
}
@article{s75slfm,
  title={Completeness and correspondence in the first and second order semantics for modal logic},
  author={Sahlqvist, Henrik},
  journal={Studies in Logic and the Foundations of Mathematics},
  volume={82},
  pages={110--143},
  year={1975},
  publisher={Elsevier},
  note ={(Proc. of the 3rd Scandinavial Logic Symposium, Uppsala, 1973)}
}
@book{bbi01,
  title={A course in metric geometry},
  author={Burago, Dmitri and Burago, Yuri and Ivanov, Sergei},
  volume={33},
  year={2001},
  publisher={American Mathematical Society Providence}
}
@article{h50bstj,
  title={Error detecting and error correcting codes},
  author={Hamming, Richard W},
  journal={Bell System technical journal},
  volume={29},
  number={2},
  pages={147--160},
  year={1950},
  publisher={Wiley Online Library}
}
@book{k12,
  title={Taxicab geometry: An adventure in non-Euclidean geometry},
  author={Krause, Eugene F},
  year={2012},
  publisher={Courier Dover Publications}
}
@book{r76,
  title={Principles of Mathematical Analysis (International Series in Pure \& Applied Mathematics)},
  author={Rudin, Walter},
  year={1976},
  publisher={McGraw-Hill Publishing Co.}
}
@article{f05apal,
  title={The logic of proofs, semantically},
  author={Fitting, Melvin},
  journal={Annals of Pure and Applied Logic},
  volume={132},
  number={1},
  pages={1--25},
  year={2005},
  publisher={Elsevier}
}
@article{a08rsl,
  title={The logic of justification},
  author={Artemov, Sergei},
  journal={The Review of Symbolic Logic},
  volume={1},
  number={04},
  pages={477--513},
  year={2008},
  publisher={Cambridge Univ Press}
}
@article{g87tcs,
  author    = {Jean-Yves Girard},
  title     = {Linear Logic},
  journal   = {Theoretical computer science},
  volume    = {50},
  year      = {1987},
  pages     = {1-102},
  bibsource = {DBLP, http://dblp.uni-trier.de}
}
@article{vm91la,
  title={Graded modalities in epistemic logic},
  author={van der Hoek, W and Meyer, J-J Ch},
  journal={Logique et Analyse},
  volume={34},
  number={133-134},
  pages={251--270},
  year={1991}
}

@Book{mv04,
author = {John-Jules Ch. Meyer and Wiebe van der Hoek},
title = {Epistemic Logic for AI and Computer Science},
publisher = {Cambridge University Press},
year = {2004}
}
@misc{virginia12,
	author="Virginia State Police",
	title="SP-167: {C}riminal {H}istory {R}ecord {N}ame {S}earch {R}equest",
	year = "2012",
}
@article{np14jlc,
 author = {Pavel Naumov and Margaret Protzman},
 title = {Conditional Interchangeability of Nash Equilibria},
 journal = {Journal of Logic and Computation},
 note ="(to appear)"
 } 
@misc{iowa10,
	author="Iowa Division of Criminal Investigation",
	title="DCI-76 (08/25/10) {C}riminal {H}istory {R}ecord {C}heck {B}illing {F}orm",
	year = "2010",
}
@misc{hawaii12,
	author="Hawaii Criminal Justice Data Center",
	title="{H}{C}{J}{D}{C}-073 REQUEST FOR CRIMINAL HISTORY RECORD CHECK",
	year = "2012",
}
@misc{florida14,
	author="Florida Department of Law Enforcement",
	title="Criminal History Information Request",
	year = "2014",
}
@misc{maryland14,
	author="Maryland Department of Public Safety \& Correctional Services",
	title="Background Checks",
	year = "2014",
	note = "www.dpscs.state.md.us/publicservs/bgchecks.shtml"
}
@misc{pennsylvania13,
	author="Pennsylvania State Police",
	title="{S}{P} 4-164 (2-2013) {R}EQUEST FOR CRIMINAL RECORD CHECK",
	year = "2012",
}
@misc{california12,
	author="California Department of Justice",
	title="Applicant Fingerprint Processing Fees",
	year = "2012",
}
@misc{ec14memo,
	author="European Commission",
	title="MEMO/14/186   12/03/2014",
	year = "2014",
}
@misc{eucj14,
	author=" The Court of Justice of the European Union",
	title="{J}udgment of the {C}ourt ({G}rand {C}hamber) of 13 {M}ay 2014.
{G}oogle {S}pain {S}{L} and {G}oogle {I}nc. v {A}gencia {E}spa{\~n}ola de {P}rotecci{\'o}n de {D}atos ({A}{E}{P}{D}) and {M}ario {C}osteja {G}onz{\'a}lez.",
	year = "2014",
	note = "{C}ase: {C}-131/12",
}
@article{tsh14tocl,
 author = {Tao, Jia and Slutzki, Giora and Honavar, Vasant},
 title = {A Conceptual Framework for Secrecy-preserving Reasoning in Knowledge Bases},
 journal = {ACM Trans. Comput. Logic},
 issue_date = {March 2015},
 volume = {16},
 number = {1},
 month = dec,
 year = {2014},
 issn = {1529-3785},
 pages = {3:1--3:32},
 articleno = {3},
 numpages = {32},
 acmid = {2637477},
 publisher = {ACM},
 address = {New York, NY, USA},
 keywords = {Multiagents, secrecy-preserving reasoning},
}
 
@article{kn14synthese,
year={2014},
issn={0039-7857},
journal={Synthese},
volume={191},
number={14},
title={The {R}y\={o}an-ji Axiom for Common Knowledge on Hypergraphs},
publisher={Springer Netherlands},
keywords={Common knowledge; Hypergraph; Axiomatization; Completeness},
author={Kane, Jeffrey and Naumov, Pavel},
pages={3407-3426},
language={English}
}

@inproceedings{kls01uai,
 author = {Kearns, Michael J. and Littman, Michael L. and Singh, Satinder P.},
 title = {Graphical Models for Game Theory},
 booktitle = {Proceedings of the 17th Conference in Uncertainty in Artificial Intelligence},
 series = {UAI '01},
 year = {2001},
 isbn = {1-55860-800-1},
 pages = {253--260},
 numpages = {8},
 url = {http://dl.acm.org/citation.cfm?id=647235.760142},
 acmid = {760142},
 publisher = {Morgan Kaufmann Publishers Inc.},
 address = {San Francisco, CA, USA},
} 

@inproceedings{dp06ec,
 author = {Daskalakis, Constantinos and Papadimitriou, Christos H.},
 title = {Computing Pure {N}ash Equilibria in Graphical Games via {M}arkov Random Fields},
 booktitle = {Proceedings of the 7th ACM Conference on Electronic Commerce},
 series = {EC '06},
 year = {2006},
 isbn = {1-59593-236-4},
 location = {Ann Arbor, Michigan, USA},
 pages = {91--99},
 numpages = {9},
 publisher = {ACM},
 address = {New York, NY, USA},
 keywords = {markov random fields, nash equilibrium, treewidth},
} 

@inproceedings{dgs07ncai,
 author = {Dilkina, Bistra and Gomes, Carla P. and Sabharwal, Ashish},
 title = {The Impact of Network Topology on Pure {N}ash Equilibria in Graphical Games},
 booktitle = {Proceedings of the 22nd National Conference on Artificial Intelligence - Volume 1},
 series = {AAAI'07},
 year = {2007},
 isbn = {978-1-57735-323-2},
 location = {Vancouver, British Columbia, Canada},
 pages = {42--49},
 numpages = {8},
 url = {http://dl.acm.org/citation.cfm?id=1619645.1619654},
 acmid = {1619654},
 publisher = {AAAI Press},
} 

@inproceedings{np14loft,
  author    = {Pavel Naumov and
               Margaret Protzman},
  title     = {Equilibria Interchangeability in Cellular Games},
  booktitle = {11th Conference on Logic 
		and the Foundations of Game and Decision Theory (LOFT), Bergen, Norway},
  year      = {2014},
  note = "(to appear)"
}

@inproceedings{ggs03tark,
 author = {Gottlob, Georg and Greco, Gianluigi and Scarcello, Francesco},
 title = {Pure {N}ash equilibria: hard and easy games},
 booktitle = {Proceedings of the 9th Conference on Theoretical Aspects of Rationality and Knowledge},
 series = {TARK '03},
 year = {2003},
 isbn = {1-58113-731-1},
 location = {Univerity of Indiana, Indiana},
 pages = {215--230},
 numpages = {16},
 publisher = {ACM},
 address = {New York, NY, USA},
} 
@article{s02ijufkbs,
 author = {Sweeney, Latanya},
 title = {K-anonymity: A Model for Protecting Privacy},
 journal = {Int. J. Uncertain. Fuzziness Knowl.-Based Syst.},
 issue_date = {October 2002},
 volume = {10},
 number = {5},
 month = oct,
 year = {2002},
 issn = {0218-4885},
 pages = {557--570},
 numpages = {14},
 publisher = {World Scientific Publishing Co., Inc.},
 address = {River Edge, NJ, USA},
 keywords = {data anonymity, data fusion, data privacy, privacy, re-identification},
} 

@INPROCEEDINGS{llv07de, 
author={Ninghui Li and Tiancheng Li and Venkatasubramanian, S.}, 
booktitle={Data Engineering, 2007. ICDE 2007. IEEE 23rd International Conference on}, 
title={t-Closeness: Privacy Beyond k-Anonymity and l-Diversity}, 
year={2007}, 
month={April}, 
pages={106-115},
}

@article{mkgv07kdd,
 author = {Machanavajjhala, Ashwin and Kifer, Daniel and Gehrke, Johannes and Venkitasubramaniam, Muthuramakrishnan},
 title = {L-diversity: Privacy Beyond K-anonymity},
 journal = {ACM Trans. Knowl. Discov. Data},
 issue_date = {March 2007},
 volume = {1},
 number = {1},
 month = mar,
 year = {2007},
 issn = {1556-4681},
 articleno = {3},
 publisher = {ACM},
 address = {New York, NY, USA},
} 
@InProceedings{hn14wollic,
author 	= "Zachary Heckle and Pavel Naumov",
title 	=  "Common Knowledge Semantics of {A}rmstrong's Axioms",
booktitle = "Proceedings of 21st Workshop on Logic, Language, Information and Computation (WoLLIC), September 1st to 4th, 2014, Valparaiso, Chile",
year 		= "2014",
publisher = "Springer",
  pages={181--194},
}

@article{s71jms,
  author    = {Thomas C. Schelling},
  title     = {Dynamic models of segregation},
  journal   = {Journal of Mathematical Sociology},
  volume    = {1},
  pages = {143-186},
  year      = {1971}
}

@inproceedings{d06icalp,
  author    = {Cynthia Dwork},
  title     = {Differential Privacy},
  booktitle = {ICALP (2)},
  year      = {2006},
  pages     = {1-12},
  crossref  = {06icalp},
  bibsource = {DBLP, http://dblp.uni-trier.de}
}
@proceedings{06icalp,
  editor    = {Michele Bugliesi and
               Bart Preneel and
               Vladimiro Sassone and
               Ingo Wegener},
  title     = {Automata, Languages and Programming, 33rd International
               Colloquium, ICALP 2006, Venice, Italy, July 10-14, 2006,
               Proceedings, Part II},
  booktitle = {ICALP (2)},
  publisher = {Springer},
  series    = {Lecture Notes in Computer Science},
  volume    = {4052},
  year      = {2006},
  isbn      = {3-540-35907-9},
  bibsource = {DBLP, http://dblp.uni-trier.de}
}
@article{np14arxiv,
  author    = {Pavel Naumov and Margaret Protzman},
  title     = {Equilibria Interchangeability in Cellular Games},
  journal   = {CoRR},
  volume    = {{\tt arXiv:1402.1156}},
  year      = {2014},
  ee        = {http://arxiv.org/abs/1402.1156}
}
@article{s71jet,
	title = "Land use in a long narrow city ",
	journal = "Journal of Economic Theory ",
	volume = "3",
	number = "4",
	pages = "430 - 447",
	year = "1971",
	note = "",
	issn = "0022-0531"
}
@article{k74jet,
	title = "Land use in a circular city ",
	journal = "Journal of Economic Theory ",
	volume = "8",
	number = "4",
	pages = "440 - 457",
	year = "1974",
	note = "",
	issn = "0022-0531",
	author = "Marvin Kraus",
	abstract = "This paper is concerned with optimal allocation of urban land to transportation. It attempts to extend the work of Solow and Vickrey, who posed this problem in an operationally one-dimensional long narrow city, to a two-dimensional circular city with a network of radial and circumferential roads. An interesting new problem arises, namely that travelers now have a choice of routes. Rules for optimal resource allocation are developed and analyzed. Assuming travel costs to be a strictly convex function of traffic density, it is shown that there is no travel through the center of an optimal city. "
}
@article {t09ipl,
    AUTHOR = {Studer, Thomas},
     TITLE = {Common knowledge does not have the {B}eth property},
   JOURNAL = {Inform. Process. Lett.},
  FJOURNAL = {Information Processing Letters},
    VOLUME = {109},
      YEAR = {2009},
    NUMBER = {12},
     PAGES = {611--614},
      ISSN = {0020-0190},
}
@article{hm90acm,
  author    = {Joseph Y. Halpern and
               Yoram Moses},
  title     = {Knowledge and Common Knowledge in a Distributed Environment},
  journal   = {J. ACM},
  volume    = {37},
  number    = {3},
  year      = {1990},
  pages     = {549-587},
}
@book{l69,
  title={Convention: a philosophical study},
  author={Lewis, D.K.},
  lccn={lc69012727},
  year={1969},
  publisher={Harvard University Press}
}
@inproceedings{kn13clima,
  author    = {Jeffrey Kane and
               Pavel Naumov},
  title     = {Symmetries and Epistemic Reasoning},
  booktitle = {CLIMA},
  year      = {2013},
  pages     = {190-205},
  crossref  = {13clima},
  bibsource = {DBLP, http://dblp.uni-trier.de}
}
@proceedings{13clima,
  editor    = {Jo{\~a}o Leite and
               Tran Cao Son and
               Paolo Torroni and
               Leon van der Torre and
               Stefan Woltran},
  title     = {Computational Logic in Multi-Agent Systems - 14th International
               Workshop, CLIMA XIV, Corunna, Spain, September 16-18, 2013.
               Proceedings},
  booktitle = {CLIMA},
  publisher = {Springer},
  series    = {Lecture Notes in Computer Science},
  volume    = {8143},
  year      = {2013},
  isbn      = {978-3-642-40623-2},
  bibsource = {DBLP, http://dblp.uni-trier.de}
}


@article{nn13synthese,
	year={2013},
	issn={0039-7857},
	journal={Synthese},
	volume={190},
	number={1},
	title={On interchangeability of Nash equilibria in multi-player strategic games},
	publisher={Springer Netherlands},
	keywords={Nash Equilibrium; Interchangeability; Axiomatization},
	author={Naumov, Pavel and Nicholls, Brittany},
	pages={57-78},
	language={English}
}

@inproceedings{hn13lori,
  author 	= "Harjes, Kristine and Naumov, Pavel",
  title ="Cellular Games, {N}ash Equilibria, and {F}ibonacci Numbers",
  booktitle = {The Fourth International Workshop on Logic, Rationality and Interaction (LORI-IV)},
 location = {Hangzhou, China},
 publisher = {Springer},
 year = {2013},
 pages    = {149-161},
}
@book{jj98,
  title={Elementary Number Theory},
  author={Jones, G.A. and Jones, J.M.},
  isbn={9783540761976},
  lccn={97041193},
  series={Springer Undergraduate Mathematics Series},
  year={1998},
  publisher={Springer Verlag}
}
@book{p89,
  author    = {Judea Pearl},
  title     = {Probabilistic reasoning in intelligent systems - networks
               of plausible inference},
  publisher = {Morgan Kaufmann},
  series    = {Morgan Kaufmann series in representation and reasoning},
  year      = {1989},
  pages     = {I-XIX, 1-552},
  bibsource = {DBLP, http://dblp.uni-trier.de}
}
@article{kn14apal,
 author    = {Jeffrey Kane and Pavel Naumov},
  title     = { Symmetry in Information Flow},
  journal   = {Annals of Pure and Applied Logic},
  volume = {165},
  number = {1},
  pages = {253-265}, 
  year = {2014},
}
@book {dhk07,
    AUTHOR = {Hans Pieter Ditmarsch and Wiebe van der Hoek and Barteld Pieter Kooi},
     TITLE = {Dynamic Epistemic Logic},
     PUBLISHER = {Springer},
      YEAR = {2007},
}
@article{b07jancl,
 author    = {Johan van Benthem},
  title     = {Dynamic logic for belief revision},
  journal   = {Journal of Applied Non-Classical Logics},
  volume    = {17},
  number    = {2},
  year      = {2007},
  pages     = {129-155},
}
@article{b05synthese,
  author    = {Giacomo Bonanno},
  title     = {A simple modal logic for belief revision},
  journal   = {Synthese},
  volume    = {147},
  number = {2},
  year      = {2005},
  pages = {193-228}
}
@article{hn13arxiv,
  author    = {Kristine Harjes and Pavel Naumov},
  title     = {Functional Dependence in Strategic Games},
  journal   = {CoRR},
  volume    = {arXiv:1302.0447 [math.LO]},
  year      = {2013},
}
@inproceedings{hn13sr,
  author    = {
               Kristine Harjes and
               Pavel Naumov},
  title     = {Functional Dependence in Strategic Games},
  year      = {2013},
  booktitle = {1st International Workshop on Strategic Reasoning, March 2013, Rome, Italy,
  			Electronic Proceedings in Theoretical Computer Science 112},
 pages = {9--15},
 note = "Full version to appear in Notre Dame Journal of Formal Logic."
}
@article{gv13sl,
     	author = {Erich Gr{\"a}del and Jouko V{\"a}{\"a}n{\"a}nen},
	year={2013},
	issn={0039-3215},
	journal={Studia Logica},
	volume={101},
	number={2},
	title={Dependence and Independence},
	publisher={Springer Netherlands},
	pages={399-410},
	language={English}
}
@inproceedings{gv12icdt,
     author = {Erich Gr{\"a}del and Jouko V{\"a}{\"a}n{\"a}nen},
     booktitle = {{Proceedings of 15th International Conference on Database Theory, ICDT~2012}},
     title = {{Dependence, Independence, and Incomplete Information}},
     url = {http://www.edbt.org/Proceedings/2012-Berlin/papers/keynotes/a1-gradel.pdf},
     year = {2012},
}
@inproceedings{nn13tark,
  author    = {
               Pavel Naumov and
               Brittany Nicholls},
  title     = {{R}.{E}. Axiomatization of Conditional Independence},
  year      = {2013},
  booktitle = {14th conference on
Theoretical Aspects of Rationality and Knowledge (TARK `13), January 2013, Chennai, India},
 location = {Chennai, India},
 pages = {148--155}
}
@inproceedings{kn13tark,
  author    = {
  		Jeffrey Kane and
               Pavel Naumov},
  title     = {Epistemic Logic for Communication Chains},
  year      = {2013},
  booktitle = {14th conference on
Theoretical Aspects of Rationality and Knowledge (TARK `13), January 2013, Chennai, India},
 location = {Chennai, India},
 pages = {131--137}
}
@incollection{p06egit,
  author    = {De Palma, Paul},
  title     = {Women, Mathematics, and Computing},
  booktitle = {Encyclopedia of Gender and Information Technology},
  year      = {2006},
  Editor = {Eileen M. Trauth},
 pages = {1303--1308},
}
@article{fm02sigcse,
 author = {Fisher, Allan and Margolis, Jane},
 title = {Unlocking the clubhouse: the Carnegie Mellon experience},
 journal = {SIGCSE Bull.},
 issue_date = {June 2002},
 volume = {34},
 number = {2},
 month = jun,
 year = {2002},
 issn = {0097-8418},
 pages = {79--83},
 numpages = {5},
 publisher = {ACM},
 address = {New York, NY, USA},
}
@article{c02sigcse,
 author = {Cohoon, J. McGrath},
 title = {Recruiting and retaining women in undergraduate computing majors},
 journal = {SIGCSE Bull.},
 issue_date = {June 2002},
 volume = {34},
 number = {2},
 month = jun,
 year = {2002},
 issn = {0097-8418},
 pages = {48--52},
 numpages = {5},
 publisher = {ACM},
 address = {New York, NY, USA},
}
@book {h62,
    AUTHOR = { Hintikka, Jaakko},
     TITLE = {Knowledge and Belief - An Introduction to the Logic of the Two Notions},
 PUBLISHER = {Cornell University Press},
   ADDRESS = {Ithaca, NY},
   series={Contemporary philosophy},
      YEAR = {1962},
}
@book {fhmv95,
    AUTHOR = {Fagin, Ronald and Halpern, Joseph Y. and Moses, Yoram and
              Vardi, Moshe Y.},
     TITLE = {Reasoning about knowledge},
 PUBLISHER = {MIT Press},
   ADDRESS = {Cambridge, MA},
      YEAR = {1995},
     PAGES = {xiv+477},
      ISBN = {0-262-06162-7},
   MRCLASS = {68T27 (03B45 03B70 68Q60)},
  MRNUMBER = {1345612 (96i:68075)},
MRREVIEWER = {Guo-Qiang Zhang},
}
@inproceedings{pp80sigmod,
 author = {Parker,Jr., D. Stott and Parsaye-Ghomi, Kamran},
 title = {Inferences involving embedded multivalued dependencies and transitive dependencies},
 booktitle = {Proceedings of the 1980 ACM SIGMOD international conference on Management of data},
 series = {SIGMOD '80},
 year = {1980},
 isbn = {0-89791-018-4},
 location = {Santa Monica, California},
 pages = {52--57},
 numpages = {6},
 publisher = {ACM},
 address = {New York, NY, USA},
}

@inproceedings{pp07ilgss,
title={Reasoning about communication graphs},
ÃÃauthor={Pacuit, Eric and Parikh, Rohit},
ÃÃjournal={Interactive Logic},
ÃÃvolume={1},
ÃÃpages={135--157},
ÃÃyear={2007},
ÃÃpublisher={AUP}
}
	
@inproceedings{hn12jelia,
  author    = {Sarah Holbrook and
               Pavel Naumov},
  title     = {Fault Tolerance in Belief Formation Networks},
  booktitle = {JELIA},
  year      = {2012},
  pages     = {267-280},
  crossref  = {12jelia},
  bibsource = {DBLP, http://dblp.uni-trier.de}
}
@proceedings{12jelia,
  editor    = {Luis Fari{\~n}as del Cerro and
               Andreas Herzig and
               J{\'e}r{\^o}me Mengin},
  title     = {Logics in Artificial Intelligence - 13th European Conference,
               JELIA 2012, Toulouse, France, September 26-28, 2012. Proceedings},
  booktitle = {JELIA},
  publisher = {Springer},
  series    = {Lecture Notes in Computer Science},
  volume    = {7519},
  year      = {2012},
  isbn      = {978-3-642-33352-1},
}





@article{p07jal,
  author    = {Eric Pacuit},
  title     = {Some comments on history based structures},
  journal   = {J. Applied Logic},
  volume    = {5},
  number    = {4},
  year      = {2007},
  pages     = {613-624}
}

@article{pr03jlli,
  author    = {Rohit Parikh and
               Ramaswamy Ramanujam},
  title     = {A Knowledge Based Semantics of Messages},
  journal   = {Journal of Logic, Language and Information},
  volume    = {12},
  number    = {4},
  year      = {2003},
  pages     = {453-467}
}

@inproceedings{m94lics,
  author    = {Ron van der Meyden},
  title     = {Axioms for Knowledge and Time in Distributed Systems with
               Perfect Recall},
  booktitle = {LICS},
  year      = {1994},
  pages     = {448-457},
  crossref  = {94lics}
}
@proceedings{94lics,
  title     = {Proceedings of the Ninth Annual Symposium on Logic in Computer
               Science (LICS '94), Paris, France, July 4-7, 1994},
  booktitle = {LICS},
  publisher = {IEEE Computer Society},
  year      = {1994},
  isbn      = {0-8186-6310-3}
}

@article{hmv04jc,
  author    = {Joseph Y. Halpern and
               Ron van der Meyden and
               Moshe Y. Vardi},
  title     = {Complete Axiomatizations for Reasoning about Knowledge and
               Time},
  journal   = {SIAM J. Comput.},
  volume    = {33},
  number    = {3},
  year      = {2004},
  pages     = {674-703}
}
@inproceedings{fmr04aml,
  author    = {Tim French and
               Ron van der Meyden and
               Mark Reynolds},
  title     = {Axioms for Logics of Knowledge and Past Time: Synchrony
               and Unique Initial States},
  booktitle = {Advances in Modal Logic},
  year      = {2004},
  pages     = {53-72},
  crossref  = {04aml}
}
@proceedings{04aml,
  editor    = {Renate A. Schmidt and
               Ian Pratt-Hartmann and
               Mark Reynolds and
               Heinrich Wansing},
  title     = {Advances in Modal Logic 5, papers from the fifth conference
               on "Advances in Modal logic," held in Manchester (UK) in
               September 2004},
  booktitle = {Advances in Modal Logic},
  publisher = {King's College Publications},
  year      = {2005},
  isbn      = {1-904987-22-2},
  bibsource = {DBLP, http://dblp.uni-trier.de}
}

@article {h73ijgt,
   author = {Harsanyi, J. C.},
   affiliation = {University of California 94720 Berkeley Cal.},
   title = {Oddness of the number of equilibrium points: A new proof},
   journal = {International Journal of Game Theory},
   publisher = {Physica Verlag, An Imprint of Springer-Verlag GmbH},
   issn = {0020-7276},
   keyword = {Business and Economics},
   pages = {235-250},
   volume = {2},
   issue = {1},
   year = {1973}
}
@article{dos12ijgt,
 author = {Peter Duersch and J\"{o}rg Oechssler and Burkhard C. Schipper},
 title = {Pure strategy equilibria in symmetric two-player zero-sum games},
 journal = {International Journal of Game Theory},
 year = {2012},
 note = {(forthcoming)}
} 

@article{kykct11jair,
 author = {Korzhyk, Dmytro and Yin, Zhengyu and Kiekintveld, Christopher and Conitzer, Vincent and Tambe, Milind},
 title = {Stackelberg vs. {N}ash in security games: an extended investigation of interchangeability, equivalence, and uniqueness},
 journal = {J. Artif. Int. Res.},
 issue_date = {May 2011},
 volume = {41},
 number = {2},
 month = may,
 year = {2011},
 issn = {1076-9757},
 pages = {297--327},
 numpages = {31},
 acmid = {2051246},
 publisher = {AI Access Foundation},
 address = {USA},
} 
@inproceedings{crvw04gtdt,
    author = {{Shih-fen} Cheng and Daniel M. Reeves and Yevgeniy Vorobeychik and Michael P. Wellman},
    title = {Notes on equilibria in symmetric games},
    booktitle = {In Proceedings of the 6th International Workshop On Game Theoretic And Decision Theoretic Agents (GTDT)},
    year = {2004},
    pages = {71--78}
}
@inproceedings{ns12loft,
  author    = {Pavel Naumov and
               Italo Simonelli
               },
  title     = {Strict Equilibria Interchangeability in Multi-Player Zero-Sum Games},
  booktitle = {10th Conference on Logic 
		and the Foundations of Game and Decision Theory (LOFT)},
  year      = {2012}
}

@inproceedings{nn12loft,
  author    = {Pavel Naumov and
               Brittany Nicholls
               },
  title     = {Rationally Functional Dependence},
  booktitle = {10th Conference on Logic 
		and the Foundations of Game and Decision Theory (LOFT)},
  year      = {2012}
}
@article{m09psim,
   author = {Murtagh, Fionn},
   affiliation = {Wilton Park House Science Foundation Ireland Wilton Place Dublin 2 Ireland},
   title = {Symmetry in data mining and analysis: A unifying view based on hierarchy},
   journal = {Proceedings of the Steklov Institute of Mathematics},
   publisher = {MAIK Nauka/Interperiodica distributed exclusively by Springer Science+Business Media LLC.},
   issn = {0081-5438},
   keyword = {Mathematics and Statistics},
   pages = {177-198},
   volume = {265},
   issue = {1},
   year = {2009}
}
@article{mdc06acmcs,
  author    = {Alice Miller and
               Alastair F. Donaldson and
               Muffy Calder},
  title     = {Symmetry in temporal logic model checking},
  journal   = {ACM Comput. Surv.},
  volume    = {38},
  number    = {3},
  year      = {2006},
}
@inproceedings{mbwl11iccs,
  author    = {Kazuhiro Minami and
               Nikita Borisov and
               Marianne Winslett and
               Adam J. Lee},
  title     = {Confidentiality-preserving proof theories for distributed
               proof systems},
  booktitle = {ASIACCS},
  year      = {2011},
  pages     = {145-154},
  crossref  = {11iccs},
  bibsource = {DBLP, http://dblp.uni-trier.de}
}
@proceedings{11iccs,
  editor    = {Bruce S. N. Cheung and
               Lucas Chi Kwong Hui and
               Ravi S. Sandhu and
               Duncan S. Wong},
  title     = {Proceedings of the 6th ACM Symposium on Information, Computer
               and Communications Security, ASIACCS 2011, Hong Kong, China,
               March 22-24, 2011},
  booktitle = {ASIACCS},
  publisher = {ACM},
  year      = {2011},
  isbn      = {978-1-4503-0564-8},
  bibsource = {DBLP, http://dblp.uni-trier.de}
}
@inproceedings{tcc11iciss,
  author    = {Julien A. Thomas and
               Fr{\'e}d{\'e}ric Cuppens and
               Nora Cuppens-Boulahia},
  title     = {Consistency Policies for Dynamic Information Systems with
               Declassification Flows},
  booktitle = {ICISS},
  year      = {2011},
  pages     = {87-101},
  ee        = {http://dx.doi.org/10.1007/978-3-642-25560-1_6},
  crossref  = {11iciss},
  bibsource = {DBLP, http://dblp.uni-trier.de}
}
@proceedings{11iciss,
  editor    = {Sushil Jajodia and
               Chandan Mazumdar},
  title     = {Information Systems Security - 7th International Conference,
               ICISS 2011, Kolkata, India, December 15-19, 2011, Procedings},
  booktitle = {ICISS},
  publisher = {Springer},
  series    = {Lecture Notes in Computer Science},
  volume    = {7093},
  year      = {2011},
  isbn      = {978-3-642-25559-5},
  ee        = {http://dx.doi.org/10.1007/978-3-642-25560-1},
  bibsource = {DBLP, http://dblp.uni-trier.de}
}


@article{ss90amai,
  author    = {Glenn Shafer and
               Prakash P. Shenoy},
  title     = {Probability propagation},
  journal   = {Ann. Math. Artif. Intell.},
  volume    = {2},
  year      = {1990},
  pages     = {327-351},
  ee        = {http://dx.doi.org/10.1007/BF01531015},
  bibsource = {DBLP, http://dblp.uni-trier.de}
}
@article{cdm93ijar,
  author    = {Jos{\'e} E. Cano and
               Miguel Delgado and
               Seraf\'{\i}n Moral},
  title     = {An axiomatic framework for propagating uncertainty in directed
               acyclic networks},
  journal   = {Int. J. Approx. Reasoning},
  volume    = {8},
  number    = {4},
  year      = {1993},
  pages     = {253-280},
  ee        = {http://dx.doi.org/10.1016/0888-613X(93)90026-A},
  bibsource = {DBLP, http://dblp.uni-trier.de}
}
@article{gt12aamas,
  author    = {Davide Grossi and
               Paolo Turrini},
  title     = {Dependence in games and dependence games},
  journal   = {Autonomous Agents and Multi-Agent Systems},
  volume    = {25},
  number    = {2},
  year      = {2012},
  pages     = {284-312},
  ee        = {http://dx.doi.org/10.1007/s10458-011-9176-3},
  bibsource = {DBLP, http://dblp.uni-trier.de}
}
@inproceedings{bg04acpn,
  author    = {Nadia Busi and
               Roberto Gorrieri},
  title     = {A Survey on Non-interference with Petri Nets},
  editor    = {J{\"o}rg Desel and
               Wolfgang Reisig and
               Grzegorz Rozenberg},
  booktitle = {Lectures on Concurrency and Petri Nets},
  pages     = {328-344},
 publisher = {Springer},
  series    = {Lecture Notes in Computer Science},
  volume    = {3098},
  year      = {2004}
}
@book {or94,
    AUTHOR = {Osborne, Martin J. and Rubinstein, Ariel},
     TITLE = {A course in game theory},
 PUBLISHER = {MIT Press},
   ADDRESS = {Cambridge, MA},
      YEAR = {1994},
     PAGES = {xvi+352},
      ISBN = {0-262-65040-1},
   MRCLASS = {90-01 (90Dxx)},
  MRNUMBER = {1301776 (95k:90002)},
MRREVIEWER = {James Bergin},
}
@article{n51am,
     jstor_articletype = {research-article},
     title = {Non-Cooperative Games},
     author = {Nash, John},
     journal = {The Annals of Mathematics},
     jstor_issuetitle = {},
     volume = {54},
     number = {2},
     series = {Second Series},
     jstor_formatteddate = {Sep., 1951},
     pages = {pp. 286-295},
     ISSN = {0003486X},
     abstract = {},
     language = {English},
     year = {1951},
     publisher = {Annals of Mathematics},
     copyright = {Copyright Â© 1951 Annals of Mathematics},
 }
@article{llm02ai,
  author    = {J{\'e}r{\^o}me Lang and
               Paolo Liberatore and
               Pierre Marquis},
  title     = {Conditional independence in propositional logic},
  journal   = {Artif. Intell.},
  volume    = {141},
  number    = {1/2},
  year      = {2002},
  pages     = {79-121},
  ee        = {http://dx.doi.org/10.1016/S0004-3702(02)00244-8},
  bibsource = {DBLP, http://dblp.uni-trier.de}
}
@proceedings{11laft,
  editor    = {Borzoo Bonakdarpour and Tom Mailbaum},
  title     = {Proceedings of the 2nd International Workshop on
	Logical Aspects of Fault-Tolerance (LAFT)},
  publisher = {},
  year      = {2011}
}
@inproceedings{p82,
  author    = {Judea Pearl},
  title     = {Reverend Bayes on Inference Engines: A Distributed Hierarchical
               Approach},
  booktitle = {Proceedings of the National Conference on Artificial Intelligence. Pittsburgh, PA, August 18-20, 1982},
  year      = {1982},
  pages     = {133-136},
  bibsource = {DBLP, http://dblp.uni-trier.de}
}

@article{mn12tocl,
author = {More, Sara Miner and Naumov, Pavel},
 title = {Calculus of Cooperation and Game-based Reasoning About Protocol Privacy},
 journal = {ACM Trans. Comput. Logic},
 issue_date = {August 2012},
 volume = {13},
 number = {3},
 month = aug,
 year = {2012},
 issn = {1529-3785},
 pages = {22:1--22:21},
 articleno = {22},
 numpages = {21},
 publisher = {ACM},
 address = {New York, NY, USA},
 doi={10.1145/2287718.2287722}
}

@article{mn11amai,
author    = {Sara Miner More and
               Pavel Naumov},
  title     = {Hypergraphs of multiparty secrets},
  journal   = {Ann. Math. Artif. Intell.},
  volume    = {62},
  number    = {1-2},
  year      = {2011},
  pages     = {79-101},
  ee        = {http://dx.doi.org/10.1007/s10472-011-9252-z},
  bibsource = {DBLP, http://dblp.uni-trier.de}
}

@inproceedings{nn11lori,
  author 	= "Naumov, Pavel and Nicholls, Brittany",
  title ="Game Semantics for the {G}eiger-{P}az-{P}earl Axioms of Independence",
  booktitle = {The Third International Workshop on Logic, Rationality and Interaction (LORI-III), LNAI 6953},
 location = {Guangzhou, China},
 publisher = {Springer},
 year = {2011},
 pages = {220--232}
 
}

@incollection{cm09mmtft,
  author    = {Pablo F. Castro and
               T. S. E. Maibaum},
  title     = {Reasoning about System-Degradation and Fault-Recovery with
               Deontic Logic},
  booktitle = {Methods, Models and Tools for Fault Tolerance},
  year      = {2009},
  pages     = {25-43},
  ee        = {http://dx.doi.org/10.1007/978-3-642-00867-2_2},
  crossref  = {09mmtft},
  bibsource = {DBLP, http://dblp.uni-trier.de}
}
@book{09mmtft,
  editor    = {Michael J. Butler and
               Cliff B. Jones and
               Alexander Romanovsky and
               Elena Troubitsyna},
  title     = {Methods, Models and Tools for Fault Tolerance},
  booktitle = {Methods, Models and Tools for Fault Tolerance},
  publisher = {Springer},
  series    = {Lecture Notes in Computer Science},
  volume    = {5454},
  year      = {2009},
  isbn      = {978-3-642-00866-5},
  ee        = {http://dx.doi.org/10.1007/978-3-642-00867-2},
  bibsource = {DBLP, http://dblp.uni-trier.de}
}
@inproceedings{el09aamas,
  author    = {Jonathan Ezekiel and
               Alessio Lomuscio},
  title     = {Combining fault injection and model checking to verify fault
               tolerance in multi-agent systems},
  booktitle = {AAMAS (1)},
  year      = {2009},
  pages     = {113-120},
  ee        = {http://doi.acm.org/10.1145/1558013.1558028},
  crossref  = {09aamas},
  bibsource = {DBLP, http://dblp.uni-trier.de}
}
@proceedings{09aamas,
  editor    = {Carles Sierra and
               Cristiano Castelfranchi and
               Keith S. Decker and
               Jaime Sim{\~a}o Sichman},
  title     = {8th International Joint Conference on Autonomous Agents
               and Multiagent Systems (AAMAS 2009), Budapest, Hungary,
               May 10-15, 2009, Volume 1},
  booktitle = {AAMAS (1)},
  publisher = {IFAAMAS},
  year      = {2009},
  isbn      = {978-0-9817381-6-1},
  bibsource = {DBLP, http://dblp.uni-trier.de}
}
@article{m09entcs,
  author    = {Leo Marcus},
  title     = {Preface},
  journal   = {Electr. Notes Theor. Comput. Sci.},
  volume    = {258},
  number    = {2},
  year      = {2009},
  pages     = {1-2},
  ee        = {http://dx.doi.org/10.1016/j.entcs.2009.12.009},
  bibsource = {DBLP, http://dblp.uni-trier.de}
}
@inproceedings{sr11tark,
  author    = {Soumya Paul and
               Ramaswamy Ramanujam},
  title     = {Neighbourhood structure in large games},
  booktitle = {TARK},
  year      = {2011},
  pages     = {121-130},
  ee        = {http://doi.acm.org/10.1145/2000378.2000392},
  crossref  = {11tark},
  bibsource = {DBLP, http://dblp.uni-trier.de}
}
@proceedings{01uai,
  editor    = {Jack S. Breese and
               Daphne Koller},
  title     = {UAI '01: Proceedings of the 17th Conference in Uncertainty
               in Artificial Intelligence, University of Washington, Seattle,
               Washington, USA, August 2-5, 2001},
  booktitle = {UAI},
  publisher = {Morgan Kaufmann},
  year      = {2001},
  isbn      = {1-55860-800-1},
  bibsource = {DBLP, http://dblp.uni-trier.de}
}
@inproceedings{lks01nips,
  author    = {Michael L. Littman and
               Michael J. Kearns and
               Satinder P. Singh},
  title     = {An Efficient, Exact Algorithm for Solving Tree-Structured
               Graphical Games},
  booktitle = {NIPS},
  year      = {2001},
  pages     = {817-823},
  crossref  = {01nips},
  bibsource = {DBLP, http://dblp.uni-trier.de}
}
@proceedings{01nips,
  editor    = {Thomas G. Dietterich and
               Suzanna Becker and
               Zoubin Ghahramani},
  title     = {Advances in Neural Information Processing Systems 14 [Neural
               Information Processing Systems: Natural and Synthetic, NIPS
               2001, December 3-8, 2001, Vancouver, British Columbia, Canada]},
  booktitle = {NIPS},
  publisher = {MIT Press},
  year      = {2001},
  bibsource = {DBLP, http://dblp.uni-trier.de}
}
@inproceedings{egg07ec,
  author    = {Edith Elkind and
               Leslie Ann Goldberg and
               Paul W. Goldberg},
  title     = {Computing good {N}ash equilibria in graphical games},
  booktitle = {ACM Conference on Electronic Commerce},
  year      = {2007},
  pages     = {162-171},
  crossref  = {07ec},
  doi        = {10.1145/1250910.1250935},
  bibsource = {DBLP, http://dblp.uni-trier.de}
}
@proceedings{07ec,
  editor    = {Jeffrey K. MacKie-Mason and
               David C. Parkes and
               Paul Resnick},
  title     = {Proceedings 8th ACM Conference on Electronic Commerce (EC-2007),
               San Diego, California, USA, June 11-15, 2007},
  booktitle = {ACM Conference on Electronic Commerce},
  publisher = {ACM},
  year      = {2007},
  isbn      = {978-1-59593-653-0},
  bibsource = {DBLP, http://dblp.uni-trier.de}
}

@article{egg06eccc,
  author    = {Edith Elkind and
               Leslie Ann Goldberg and
               Paul W. Goldberg},
  title     = {Nash Equilibria in Graphical Games on Trees Revisited},
  journal   = {Electronic Colloquium on Computational Complexity (ECCC)},
  number    = {005},
  year      = {2006},
 }
@inproceedings{bm11,
  author    = {Ido Ben-Zvi and
               Yoram Moses},
  title     = {Known unknowns: time bounds and knowledge of ignorance},
  booktitle = {TARK},
  year      = {2011},
  pages     = {161-169},
  ee        = {http://doi.acm.org/10.1145/2000378.2000397},
  crossref  = {11tark},
  bibsource = {DBLP, http://dblp.uni-trier.de}
}
@inproceedings{mnny11tark,
  author    = {Sara Miner More and
               Pavel Naumov and
               Brittany Nicholls and
               Andrew Yang},
  title     = {A ternary knowledge relation on secrets},
  year      = {2011},
  pages     = {46-54},
  ee        = {http://doi.acm.org/10.1145/2000378.2000384},
  crossref  = {11tark},
  bibsource = {DBLP, http://dblp.uni-trier.de}
}
@proceedings{11tark,
  editor    = {Krzysztof R. Apt},
  booktitle     = {Proceedings of the 13th Conference on Theoretical Aspects
               of Rationality and Knowledge (TARK-2011), Groningen, The
               Netherlands, July 12-14, 2011},
  publisher = {ACM},
  year      = {2011},
  isbn      = {978-1-4503-0707-9},
  bibsource = {DBLP, http://dblp.uni-trier.de}
}
@article{cm86,
  author    = {K. Mani Chandy and
               Jayadev Misra},
  title     = {How Processes Learn},
  journal   = {Distributed Computing},
  volume    = {1},
  number    = {1},
  year      = {1986},
  pages     = {40-52},
  ee        = {http://dx.doi.org/10.1007/BF01843569},
  bibsource = {DBLP, http://dblp.uni-trier.de}
}
@book {v07cup,
    AUTHOR = {V{\"a}{\"a}n{\"a}nen, Jouko},
     TITLE = {Dependence logic},
    SERIES = {London Mathematical Society Student Texts},
    VOLUME = {70},
      NOTE = {A new approach to independence friendly logic},
 PUBLISHER = {Cambridge University Press},
   ADDRESS = {Cambridge},
      YEAR = {2007},
     PAGES = {x+225},
      ISBN = {978-0-521-70015-3; 0-521-70015-9},
   MRCLASS = {03B60 (03-02)},
  MRNUMBER = {2351449 (2009c:03026)},
MRREVIEWER = {Micha{\l}Krynicki},
       DOI = {10.1017/CBO9780511611193}
}

@inproceedings{mns11csl,
  author    = {Sara Miner More and
               Pavel Naumov and
               Benjamin Sapp},
  title     = {Concurrency Semantics for the {G}eiger-{P}az-{P}earl Axioms of
               Independence},
  year      = {2011},
  pages     = {443-457},
  ee        = {http://dx.doi.org/10.4230/LIPIcs.CSL.2011.443},
  crossref  = {11csl},
  bibsource = {DBLP, http://dblp.uni-trier.de}
}
@proceedings{11csl,
  editor    = {Marc Bezem},
  booktitle     = {20th Annual Conference on Computer Science Logic (CSL `11), September 12-15,
               		2011, Bergen, Norway, Proceedings},
  publisher = {Schloss Dagstuhl - Leibniz-Zentrum fuer Informatik},
  series    = {LIPIcs},
  volume    = {12},
  year      = {2011},
  isbn      = {978-3-939897-32-3},
  bibsource = {DBLP, http://dblp.uni-trier.de}
}


@inproceedings{mn11clima,
  author    = {Sara Miner More and
               Pavel Naumov},
  title     = {The Functional Dependence Relation on Hypergraphs of Secrets},
  booktitle = {CLIMA},
  year      = {2011},
  pages     = {29-40},
  crossref  = {11clima},
  bibsource = {DBLP, http://dblp.uni-trier.de}
}
@proceedings{11clima,
  editor    = {Jo{\~a}o Leite and
               Paolo Torroni and
               Thomas {\AA}gotnes and
               Guido Boella and
               Leon van der Torre},
  title     = {Computational Logic in Multi-Agent Systems - 12th International
               Workshop, CLIMA XII, Barcelona, Spain, July 17-18, 2011.
               Proceedings},
  booktitle = {CLIMA},
  publisher = {Springer},
  series    = {Lecture Notes in Computer Science},
  volume    = {6814},
  year      = {2011},
  isbn      = {978-3-642-22358-7},
  bibsource = {DBLP, http://dblp.uni-trier.de}
}

@article{mn11apal,
  author    = {Sara Miner More and
               Pavel Naumov},
  title     = {Logic of secrets in collaboration networks},
  journal   = {Ann. Pure Appl. Logic},
  volume    = {162},
  number    = {12},
  year      = {2011},
  pages     = {959-969},
  ee        = {http://dx.doi.org/10.1016/j.apal.2011.06.001},
  bibsource = {DBLP, http://dblp.uni-trier.de}
}





@InProceedings {kkns10,
    AUTHOR = {Kanovich, Max and Kirigin, T. Ban and  Nigam, Vivek and Scedrov, Andre},
     TITLE = {Progressing Collaborative Systems},
booktitle = "Proceedings of Workshop on Foundations of Security and Privacy (FCS-PrivMod)", 
year 		= "2010",
}

@article {mt48,
    AUTHOR = {McKinsey, J. C. C. and Tarski, Alfred},
     TITLE = {Some theorems about the sentential calculi of {L}ewis and
              {H}eyting},
   JOURNAL = {J. Symbolic Logic},
  FJOURNAL = {The Journal of Symbolic Logic},
    VOLUME = {13},
      YEAR = {1948},
     PAGES = {1--15},
      ISSN = {0022-4812},
   MRCLASS = {02.0X},
  MRNUMBER = {0024396 (9,486q)},
MRREVIEWER = {A. Heyting},
}

@article{g33,
  author    = {Kurt G\"{o}del},
  title     = {Eine Interpretation des intuitionistischen Aussagenkalkuls.},
  journal   = {Ergebnisse Math. Kolloq.},
  volume    = {4},
  year      = {1933},
  pages     = {39-40},
  note        = {English translation in: S. Feferman et al., editors, Kurt G\"{o}del Collected Works, 
  	Vol. 1, pages 301Ã303. Oxford University Press, Oxford, Clarendon Press, New York, 1986.},
}


@inproceedings{dmn11wollic,
  author    = {Michael S. Donders and
               Sara Miner More and
               Pavel Naumov},
  title     = {Information Flow on Directed Acyclic Graphs},
  booktitle = {WoLLIC},
  year      = {2011},
  pages     = {95-109},
  ee        = {http://dx.doi.org/10.1007/978-3-642-20920-8_13},
  crossref  = {11wollic},
  bibsource = {DBLP, http://dblp.uni-trier.de}
}
@proceedings{11wollic,
  editor    = {Lev D. Beklemishev and
               Ruy de Queiroz},
  title     = {Logic, Language, Information and Computation - 18th International
               Workshop, WoLLIC 2011, Philadelphia, PA, USA, May 18-20,
               2011. Proceedings},
  booktitle = {WoLLIC},
  publisher = {Springer},
  series    = {Lecture Notes in Computer Science},
  volume    = {6642},
  year      = {2011},
  isbn      = {978-3-642-20919-2},
  ee        = {http://dx.doi.org/10.1007/978-3-642-20920-8},
  bibsource = {DBLP, http://dblp.uni-trier.de}
}

@article{g08,
  author    = {Hubert Garavel},
  title     = {Reflections on the Future of Concurrency Theory in General
               and Process Calculi in Particular},
  journal   = {Electr. Notes Theor. Comput. Sci.},
  volume    = {209},
  year      = {2008},
  pages     = {149-164},
  ee        = {http://dx.doi.org/10.1016/j.entcs.2008.04.009},
  bibsource = {DBLP, http://dblp.uni-trier.de}
}
@article{h95,
  author    = {Christian Herrmann},
  title     = {On the Undecidability of Implications Between Embedded Multivalued
               Database Dependencies},
  journal   = {Inf. Comput.},
  volume    = {122},
  number    = {2},
  year      = {1995},
  pages     = {221-235},
  bibsource = {DBLP, http://dblp.uni-trier.de}
}
@article{h06,
  author    = {Christian Herrmann},
  title     = {Corrigendum to ``On the undecidability of implications between
               embedded multivalued database dependencies" [Inform. and
               Comput. 122(1995) 221-235]},
  journal   = {Inf. Comput.},
  volume    = {204},
  number    = {12},
  year      = {2006},
  pages     = {1847-1851},
  ee        = {http://dx.doi.org/10.1016/j.ic.2006.09.002},
  bibsource = {DBLP, http://dblp.uni-trier.de}
}
@inproceedings{s90,
  author 	= "Studen{\'y}, Milan",
  title ="Conditional Independence Relations Have No Finite Complete Characterization",
  pages = {377-396},
  booktitle = {Information Theory, Statistical Decision Functions and Random Processes. Transactions of the 11th Prague Conference vol. B},
  year = {1990},
 location = {Prague},
 publisher = {Kluwer},
}

@article{s79,
  author =       {Adi Shamir},
  title =        {How to Share a Secret},
  journal =      {Communications of the Association for Computing
                 Machinery},
  volume =      {22},
  number =      {11},
  pages =        {612--613},
  month =        nov,
  year =         {1979},
}
@article{mn10arxiv,
  author    = {Sara Miner More and Pavel Naumov},
  title     = {Functional Dependence of Secrets in a Collaboration Network},
  journal   = {CoRR},
  volume    = {arXiv:1011.0399v1 [cs.LO]},
  year      = {2010},
}
@article{dijkstra71,
  author    = {Edsger W. Dijkstra},
  title     = {Hierarchical Ordering of Sequential Processes},
  journal   = {Acta Inf.},
  volume    = {1},
  year      = {1971},
  pages     = {115-138},
  bibsource = {DBLP, http://dblp.uni-trier.de}
}
@article{hoare83,
 author = {Hoare, C. A. R.},
 title = {Communicating sequential processes},
 journal = {Commun. ACM},
 volume = {26},
 number = {1},
 year = {1983},
 issn = {0001-0782},
 pages = {100--106},
 doi = {http://doi.acm.org/10.1145/357980.358021},
 publisher = {ACM},
 address = {New York, NY, USA},
 }

@article {s95,
    AUTHOR = {Studen{\'y}, Milan},
     TITLE = {Conditional independence and natural conditional functions},
   JOURNAL = {Internat. J. Approx. Reason.},
  FJOURNAL = {International Journal of Approximate Reasoning},
    VOLUME = {12},
      YEAR = {1995},
    NUMBER = {1},
     PAGES = {43--68},
      ISSN = {0888-613X},
     CODEN = {IJARE4},
   MRCLASS = {03B70 (68T35)},
  MRNUMBER = {1309578 (95m:03069)},
MRREVIEWER = {Zoran Ognjanovi{\'c}},
       DOI = {10.1016/0888-613X(94)00014-T}
}

@BOOK{moivre1718,
   author = "Abraham de Moivre",
   title= "Doctrine of Chances",
   year = 1718,
   } 

@article{moivre1711,
     jstor_articletype = {research-article},
     title = {De Mensura Sortis seu; de Probabilitate Eventuum in Ludis a Casu Fortuito Pendentibus},
     author = {Abraham de Moivre},
     journal = {Philosophical Transactions (1683-1775)},
     jstor_issuetitle = {},
     volume = {27},
     number = {},
     jstor_formatteddate = {1710 - 1712},
     pages = {pp. 213-264},
     url = {http://www.jstor.org/stable/103118},
     ISSN = {02607085},
     abstract = {},
     language = {English},
     year = {1711},
     publisher = {The Royal Society},
     copyright = {Copyright Â© 1710 The Royal Society},
}


@incollection{eb98moivre,
     TITLE = {{M}oivre, {A}braham, de},
 BOOKTITLE = { The New Encyclop\ae dia Britannica},
 	KEY = {Encyclop\ae dia Britannica},
	edition ={15th},
	year = {1998},
 	volume = {8},
     PAGES = {226},
     publisher ={Encyclop\ae dia Britannica},
}


@article {glpn93,
    AUTHOR = {Gallo, Giorgio and Longo, Giustino and Pallottino, Stefano and
              Nguyen, Sang},
     TITLE = {Directed hypergraphs and applications},
      NOTE = {Combinatorial structures and algorithms},
   JOURNAL = {Discrete Appl. Math.},
  FJOURNAL = {Discrete Applied Mathematics. The Journal of Combinatorial
              Algorithms, Informatics and Computational Sciences},
    VOLUME = {42},
      YEAR = {1993},
    NUMBER = {2-3},
     PAGES = {177--201},
      ISSN = {0166-218X},
     CODEN = {DAMADU},
   MRCLASS = {05C65 (03B05 05C85 05C90)},
  MRNUMBER = {MR1217096 (94e:05187)},
MRREVIEWER = {Ioan Tomescu},
       DOI = {10.1016/0166-218X(93)90045-P}
}

@inproceedings{mn10clima,
  author 	= "Miner More, Sara and Naumov, Pavel",
  title ="Hypergraphs of Multiparty Secrets",
  pages = {15--32},
  booktitle = {11th International Workshop on Computational Logic in Multi-Agent Systems CLIMA XI (Lisbon, Portugal), LNAI 6245},
  year = {2010},
 location = {Lisbon, Portugal},
 publisher = {Springer},
}

@article{bsw69,
 author = {Bartlett, K. A. and Scantlebury, R. A. and Wilkinson, P. T.},
 title = {A note on reliable full-duplex transmission over half-duplex links},
 journal = {Commun. ACM},
 volume = {12},
 number = {5},
 year = {1969},
 issn = {0001-0782},
 pages = {260--261},
 doi = {http://doi.acm.org/10.1145/362946.362970},
 publisher = {ACM},
 address = {New York, NY, USA},
 }

@article {acly00,
    AUTHOR = {Ahlswede, Rudolf and Cai, Ning and Li, Shuo-Yen Robert and
              Yeung, Raymond W.},
     TITLE = {Network information flow},
   JOURNAL = {IEEE Trans. Inform. Theory},
  FJOURNAL = {Institute of Electrical and Electronics Engineers.
              Transactions on Information Theory},
    VOLUME = {46},
      YEAR = {2000},
    NUMBER = {4},
     PAGES = {1204--1216},
      ISSN = {0018-9448},
     CODEN = {IETTAW},
   MRCLASS = {90B10 (94C99)},
  MRNUMBER = {MR1768542 (2001g:90013)},
MRREVIEWER = {Marinus Veldhorst},
       DOI = {10.1109/18.850663}
}



@BOOK{guw09,
   author = "Hector Garcia-Molina and Jeffrey Ullman and Jennifer Widom",
   title= "Database Systems: The Complete Book",
   publisher = "Prentice-Hall",
   year = 2009,
   edition = "Second"
   } 

@incollection {a74,
    AUTHOR = {Armstrong, W. W.},
     TITLE = {Dependency structures of data base relationships},
 BOOKTITLE = {Information Processing 74 ({P}roc. {IFIP} {C}ongress,
              {S}tockholm, 1974)},
     PAGES = {580--583},
 PUBLISHER = {North-Holland},
   ADDRESS = {Amsterdam},
      YEAR = {1974},
   MRCLASS = {68A05},
  MRNUMBER = {MR0421121 (54 \#9126)},
MRREVIEWER = {Richard A. De Millo},
}

@Article{ab07,
  author    = {Torben Amtoft and Anindya Banerjee},
  title     = {A logic for information flow analysis with an application to forward slicing of simple imperative programs},
  journal   = {Sci. Comput. Program.},
  volume    = {64},
  number    = {1},
  year      = {2007},
  pages     = {3-28},
  ee        = {http://dx.doi.org/10.1016/j.scico.2006.03.002},
  bibsource = {DBLP, http://dblp.uni-trier.de},
}
@book{b89,
    AUTHOR = {Berge, Claude},
     TITLE = {Hypergraphs},
    SERIES = {North-Holland Mathematical Library},
    VOLUME = {45},
      NOTE = {Combinatorics of finite sets,
              Translated from the French},
 PUBLISHER = {North-Holland Publishing Co.},
   ADDRESS = {Amsterdam},
      YEAR = {1989},
     PAGES = {x+255},
      ISBN = {0-444-87489-5},
   MRCLASS = {05C65},
  MRNUMBER = {MR1013569 (90h:05090)},
}
@inproceedings{bfh77,
 author = {Beeri, Catriel and Fagin, Ronald and Howard, John H.},
 title = {A complete axiomatization for functional and multivalued dependencies in database relations},
 booktitle = {SIGMOD '77: Proceedings of the 1977 ACM SIGMOD international conference on Management of data},
 year = {1977},
 pages = {47--61},
 location = {Toronto, Ontario, Canada},
 doi   = {10.1145/509404.509414},
 publisher = {ACM},
 address = {New York, NY, USA},
 }

@Article{sm03,
author 	= "Andrei Sabelfeld and Andrew C. Myers",
title 		=  "Language-Based Information-Flow Security",
journal 	= "IEEE Journal on Selected Areas in Communications",
year 		= "2003",
pages 	= "5--19",
volume 	= "21",
number 	= "1"
}

@Article{lp02,
author 	= "Yehuda Lindell and Benny Pinkas",
title 		=  "Privacy Preserving Data Mining",
journal 	= "Journal of Cryptology",
year 		= "2002",
pages 	= "177--206",
volume 	= "15",
number 	= "3"
}

@Article{ahk02,
 author = {Rajeev Alur and Thomas A. Henzinger and Orna Kupferman},
 title = {Alternating-time temporal logic},
 journal = {Journal of the ACM},
 volume = {49},
 number = {5},
 year = {2002},
 issn = {0004-5411},
 pages = {672--713},
 doi = {10.1145/585265.585270},
 publisher = {ACM},
 address = {New York, NY, USA},
}
@InProceedings{l61,
author 	= "Lorenzen, Paul",
title 	=  "Ein dialogisches KonstruktivitÂtskriterium",
pages 	= "193--200",
booktitle = "Infinitistic Methods. Proceedings of the Symposium on Foundations of Mathematics (Warszawa 1959)",
year 		= "1961",
publisher = "Pergamon Press"
}
@Article{g87,
 author = {Jean-Yves Girard},
 title = {Linear logic},
 journal = {Theoretical Computer Science},
 volume = {50},
 number = {1},
 year = {1987},
 issn = {0304-3975},
 pages = {1--102},
 doi = {http://dx.doi.org/10.1016/0304-3975(87)90045-4},
 publisher = {Elsevier Science Publishers Ltd.},
 address = {Essex, UK},
 }
 @article {gpp91,
    AUTHOR = {Geiger, Dan and Paz, Azaria and Pearl, Judea},
     TITLE = {Axioms and algorithms for inferences involving probabilistic
              independence},
   JOURNAL = {Inform. and Comput.},
  FJOURNAL = {Information and Computation},
    VOLUME = {91},
      YEAR = {1991},
    NUMBER = {1},
     PAGES = {128--141},
      ISSN = {0890-5401},
   MRCLASS = {68T15 (60A05 68Q25)},
  MRNUMBER = {MR1097266 (92d:68103)},
}
@Article{hw05,
 author = {Wiebe van der Hoek and Michael Wooldridge},
 title = {On the logic of cooperation and propositional control},
 journal = {Artificial Intelligence},
 volume = {164},
 number = {1-2},
 year = {2005},
 issn = {0004-3702},
 pages = {81--119},
 doi = {http://dx.doi.org/10.1016/j.artint.2005.01.003},
 publisher = {Elsevier Science Publishers Ltd.},
 address = {Essex, UK},
 }
 
@BOOK{k33,
   author = "Andrei N. Kolmogorov",
   title= "Grundbegriffe der Wahrscheinlichkeitsrechnung",
   publisher = "Springer",
   year = 1933
   } 
 
@Article{p02,
author 	= "Marc Pauly",
title 	=  "A Modal Logic for Coalitional Power in Games",
journal	= " Journal of Logic and Computation",
year	= "2002",
volume = "12",
number = "1",
pages 	= "149--166",
doi={10.1093/logcom/12.1.149}
}
@Article{pp03,
	author = "M. Pauly and R. Parikh",
	title = "Game Logic - An Overview",
	journal = "Studia Logica",
	volume = "75",
	year = "2003",
	pages = "165-182",
}
@Article{p85,
author 	= "Rohit Parikh",
title 	=  "The logic of games and its applications",
journal	= "Annals of Discrete Mathematics",
year	= "1985",
pages 	= "111-140",
booktitle = "Topics in the Theory of Computation",
editor = "Marek Karpinski and Jan van Leeuwen"
}

@Article{h30,
author 	= "A. Heyting",
title 	=  "Die formalen Regeln der intuitionistischen Logik",
journal	= "Sitsungsberichte der Preussischen Akademic der Wissenschaften",
year	= "1930",
pages 	= "42--56",
note = "English translation available in \cite{m98}"
}

@InProceedings{mn09,
author 	= "Miner More, Sara and Naumov, Pavel",
title 	=  "An Independence Relation for Sets of Secrets",
pages 	= "296--304",
booktitle = "Proceedings of 16th Workshop on Logic, Language, Information and Computation (Tokyo, 2009), LNAI 5514",
year 		= "2009",
publisher = "Springer",
editor = "H. Ono and M. Kanazawa and R. de Queiroz"
}


@InProceedings{mn09a,
author 	= "Miner More, Sara and Naumov, Pavel",
title 	=  "On Interdependence of Secrets in Collaboration Networks",
pages 	= "208--217",
booktitle = "Proceedings of 12th Conference on Theoretical Aspects of Rationality and Knowledge (Stanford University, 2009)",
year 		= "2009",
}

@Article{mn10,
author 	= "Miner More, Sara and Naumov, Pavel",
title 	=  "An Independence Relation for Sets of Secrets",
journal	= "Studia Logica",
year	= "2010",
pages 	= "73--85",
volume ="94",
number ="1",
}

@InProceedings{kmns10,
author 	= "Kelvey, Robert and Miner More, Sara and Naumov, Pavel and Sapp, Benjamin",
title 	=  "Independence and Functional Dependence Relations on Secrets",
pages = "528-533",
booktitle = "Proceedings of 12th International Conference on the Principles of Knowledge Representation and Reasoning (Toronto, 2010)",
year 		= "2010",
publisher = "AAAI"
}


@Book{m98,
editor	= "P. Mancosu",
title		=	"From Brouwer to Hilbert: The Debate on the Foundations of Mathematics in the 1920s",
year		= "1998",
publisher	= "Oxford University Press"
}

@Book{m04,
author	= 	"Donald MacKenzie",
title	=	"Mechanizing Proof: Computing, Risk, and Trust",
year	= "2004",
publisher	=	"MIT Press"
}

@InProceedings{krs07,
author 	= "Max Kanovich and Paul Rowe and Andre Scedrov",
title 	=  "Collaborative Planning With Privacy",
pages 	= "265--278",
booktitle = "Proceedings of the of the Twentieth IEEE Computer Security Foundations Symposium",
year 		= "2007",
publisher = "IEEE Computer Society Press"
}

@Book{gm00,
author	= 	"Grigori Mints",
title	=	"A Short Introduction to Intuitionistic Logic",
year	= "2000",
publisher	=	"Kluwer Academic"
}

@InProceedings{bgw88,
author 	= "Michael Ben-Or and Shafi Goldwasser and Avi Wigderson",
title 	=  "Completeness Theorems for Non-Cryptographic Fault-Tolerant Distributed Computation",
pages 	= "1--10",
booktitle = "Proceedings of the of the Twentieth ACM Symposium on Theory of Computing",
year 		= "1988",
publisher = "Association for Computing Machinery"
}

@Article{ban90,
author 	= "Michael Burrows and Martin Abadi and Roger Needham",
title 	=  "A Logic Of Authentication",
journal	= "ACM Transactions on Computer Systems",
year	= "1990",
pages 	= "18--36",
volume 	= "8",
number 	= "1",
publisher = "Association for Computing Machinery"
}

@InProceedings{c77,
author 	= "Ellis Cohen",
title 		= "Information Transmission in Computational Systems",
pages 	= "113--139",
booktitle = "Proceedings of Sixth ACM Symposium on Operating Systems Principles",
year 	= "1977",
publisher = "Association for Computing Machinery"
}

@Article{c88,
author 	= "David Chaum",
title 		=  "The Dining Cryptographers Problem: Unconditional Sender and Recipient Untraceability",
journal 	= "Journal of Cryptology",
year 		= "1988",
pages 	= "65--75",
volume 	= "1",
number 	= "1"
}


@inproceedings{cfgn96,
author = "Ran Canetti and Uri Feige and Oded Goldreich and Moni Naor",
title = "Adaptively secure multi-party computation",
pages = "639--648",
booktitle = "Proceedings of the Twenty-eighth ACM Symposium on Theory of Computing",
year 	= "1996",
publisher = "Association for Computing Machinery"

}


@InProceedings{ccd88,
author 	= "David Chaum and Claude Crepeau and Ivan Damgard",
title 		= "Multiparty Unconditionally Secure Protocols",
pages 	= "11--19",
booktitle = "Proceedings of the of the Twentieth ACM Symposium on Theory of Computing",
year 	= "1988",
publisher = "Association for Computing Machinery"
}


@Article{dmp03,
author 	= "Nancy Durgin and John Mitchell and Dusko Pavlovic",
title 		=  "A compositional logic for proving security properties of protocols",
journal 	= "Journal of Computer Security",
year 		= "2003",
pages 	= "677--721",
volume 	= "11"
}

@InProceedings{gl90,
author 	= "Shafi Goldwasser and Leonid Levin",
title 		= "Fair Computation of General Functions in Presence of Immoral Majority",
pages	= "77--93",
booktitle 	= "Proceedings of Crypto '90, LNCS 537",
year 		= "1990",
publisher = "Springer-Verlag"
}

@InProceedings{gm82,
author 	= " Joseph A Goguen and Jos\'{e} Meseguer",
title 		= "Security Policies and Security Models",
pages	= "11--20",
booktitle 	= "Proceedings of IEEE Symposium on Security and Privacy",
year 		= "1982",
}


@InProceedings{gmw87,
  author 	= "Oded Goldreich and Silvio Micali and Avi Wigderson",
  title 		= "How to Play Any Mental Game or A Completeness Theorem for Protocols with Honest Majority",
  pages	= "218--229",
  booktitle 	=  "Proceedings of the Nineteenth ACM Symposium on Theory of Computing",
  year	= "1987",
  publisher = "Association for Computing Machinery"
}

@Article{h69,
author 	= "C.A.R. Hoare",
title 		=  "An Axiomatic Basis for Computer Programming",
journal 	= "Communications of the ACM",
year 		= "1969",
pages 	= "576--580",
volume 	= "12"
}

@InProceedings{ho02,
author 	= "Halpern, Joseph Y. and O'Neill, Kevin R.",
title 		= "Secrecy in multiagent systems",
pages	= "32--46",
booktitle 	= "Proceedings of the Fifteenth IEEE Computer Security Foundations Workshop",
year 		= "2002"
}

@InProceedings{ho03,
author 	= "Halpern, Joseph Y. and O'Neill, Kevin R.",
title 		= "Anonymity and information hiding in multiagent systems",
pages	= "75--88",
booktitle 	= "Proceedings of the Sixteenth IEEE Computer Security Foundations Workshop",
year 		= "2003"
}

@article{ho08,
 author = {Halpern, Joseph Y. and O'Neill, Kevin R.},
 title = {Secrecy in Multiagent Systems},
 journal = {ACM Trans. Inf. Syst. Secur.},
 volume = {12},
 number = {1},
 year = {2008},
 issn = {1094-9224},
 pages = {1--47},
 publisher = {ACM},
 address = {New York, NY, USA},
 }

 doi = {http://doi.acm.org/10.1145/1410234.1410239},
 
@InProceedings{hz06,
  author 	="Feng Hao and Piotr Zielinski",
  title 		= "A 2-Round Anonymous Veto Protocol",
  year 	= "2006",
  booktitle = "Proceedings of the Fourteenth Security Protocols Workshop"	
}


@InProceedings{lynch,
  author 	= "Nancy Lynch",
  title 		= "I/{O} Automaton Models and Proofs for Shared-Key Communication Systems",
  booktitle	= "Proceedings of the 12th IEEE Computer Security Foundations Workshop (CSFW'99)",
  year 	= "1999",
}

@Article{p98,
author 	= "Lawrence C. Paulson",
title 		=  "The inductive approach to verifying cryptographic protocols.",
journal 	= "Journal of Computer Security",
year 		= "1998",
pages 	= "85--128",
volume 	= "6"
}

@InProceedings{rb89,
author 	= "Tal Rabin and Michael Ben-Or",
title 		= "Verifiable secret sharing and multiparty protocols with honest majority",
pages 	= "73--85",
booktitle = "Proceedings of the of the Twenty-first ACM Symposium on Theory of Computing",
year 	= "1989",
publisher = "Association for Computing Machinery"
}


@InProceedings{s86,
  author =	 "David Sutherland",
  title =	 "A Model of Information",
  booktitle =	 "Proceedings of Ninth National Computer Security Conference",
  pages =	 "175--183",
  year =	 1986,

}


@InProceedings{ss96,
author 	= "Steve Schneider and Abraham Sidiropoulos",
title 		= "{CSP} and Anonymity",
pages 	= "198-218",
booktitle 	= "Proceedings of  the Fourth European Symposium on Research in Computer Security ({ESORICS})",
year 		= "1996"
}


@InProceedings{vdMS04,
  author 	= "Ron van der Meyden and Kaile Su",
  title 		= "Symbolic Model Checking the Knowledge of the Dining Cryptographers",
  pages	= "280--291",
  booktitle 	=  "Proceedings of the Seventeenth IEEE Computer Security Foundations Workshop",
  year	= "2004",
}