@inproceedings{shengyi2022the37implementation,
  title = {The 37 Implementation Details of Proximal Policy Optimization},
  author = {Huang, Shengyi and Dossa, Rousslan Fernand Julien and Raffin, Antonin and Kanervisto, Anssi and Wang, Weixun},
  booktitle = {ICLR Blog Track},
  year = {2022},
  url  = {https://iclr-blog-track.github.io/2022/03/25/ppo-implementation-details/}
}

@incollection{littman1994markov,
  title={Markov games as a framework for multi-agent reinforcement learning},
  author={Littman, Michael L},
  booktitle={Machine learning proceedings 1994},
  pages={157--163},
  year={1994},
  publisher={Elsevier}
}

@article{gerstgrasser2022oracles,
  title={Oracles \& Followers: Stackelberg Equilibria in Deep Multi-Agent Reinforcement Learning},
  author={Gerstgrasser, Matthias and Parkes, David C},
  journal={arXiv preprint arXiv:2210.11942},
  year={2022}
}

@article{paszke2019pytorch,
  title={Pytorch: An imperative style, high-performance deep learning library},
  author={Paszke, Adam and Gross, Sam and Massa, Francisco and Lerer, Adam and Bradbury, James and Chanan, Gregory and Killeen, Trevor and Lin, Zeming and Gimelshein, Natalia and Antiga, Luca and others},
  journal={Advances in neural information processing systems},
  volume={32},
  year={2019}
}

@article{schulman2015high,
  title={High-dimensional continuous control using generalized advantage estimation},
  author={Schulman, John and Moritz, Philipp and Levine, Sergey and Jordan, Michael and Abbeel, Pieter},
  journal={arXiv preprint arXiv:1506.02438},
  year={2015}
}

@article{schulman2017proximal,
  title={Proximal policy optimization algorithms},
  author={Schulman, John and Wolski, Filip and Dhariwal, Prafulla and Radford, Alec and Klimov, Oleg},
  journal={arXiv preprint arXiv:1707.06347},
  year={2017}
}

@article{kingma2014adam,
  title={Adam: A method for stochastic optimization},
  author={Kingma, Diederik P and Ba, Jimmy},
  journal={arXiv preprint arXiv:1412.6980},
  year={2014}
}

@inproceedings{schulman2015trust,
  title={Trust region policy optimization},
  author={Schulman, John and Levine, Sergey and Abbeel, Pieter and Jordan, Michael and Moritz, Philipp},
  booktitle={International conference on machine learning},
  pages={1889--1897},
  year={2015},
  organization={PMLR}
}

Lloyd, S. P. (1957). Least squares quantization in PCM. Technical Report RR-5497, Bell Lab, September 1957.

@inproceedings{macqueen1967classification,
  title={Classification and analysis of multivariate observations},
  author={MacQueen, J},
  booktitle={5th Berkeley Symp. Math. Statist. Probability},
  pages={281--297},
  year={1967}
}

@article{lloyd1982least,
  title={Least squares quantization in PCM},
  author={Lloyd, Stuart},
  journal={IEEE transactions on information theory},
  volume={28},
  number={2},
  pages={129--137},
  year={1982},
  publisher={IEEE}
}

@article{dempster1977maximum,
  title={Maximum likelihood from incomplete data via the EM algorithm},
  author={Dempster, Arthur P and Laird, Nan M and Rubin, Donald B},
  journal={Journal of the Royal Statistical Society: Series B (Methodological)},
  volume={39},
  number={1},
  pages={1--22},
  year={1977},
  publisher={Wiley Online Library}
}

@article{papoudakis2019dealing,
  title={Dealing with non-stationarity in multi-agent deep reinforcement learning},
  author={Papoudakis, Georgios and Christianos, Filippos and Rahman, Arrasy and Albrecht, Stefano V},
  journal={arXiv preprint arXiv:1906.04737},
  year={2019}
}

@article{lowe2017multi,
  title={Multi-agent actor-critic for mixed cooperative-competitive environments},
  author={Lowe, Ryan and Wu, Yi I and Tamar, Aviv and Harb, Jean and Pieter Abbeel, OpenAI and Mordatch, Igor},
  journal={Advances in neural information processing systems},
  volume={30},
  year={2017}
}

@inproceedings{gupta2017cooperative,
  title={Cooperative multi-agent control using deep reinforcement learning},
  author={Gupta, Jayesh K and Egorov, Maxim and Kochenderfer, Mykel},
  booktitle={International conference on autonomous agents and multiagent systems},
  pages={66--83},
  year={2017},
  organization={Springer}
}

@inproceedings{yao2020rlper,
  title={RLPer: A reinforcement learning model for personalized search},
  author={Yao, Jing and Dou, Zhicheng and Xu, Jun and Wen, Ji-Rong},
  booktitle={Proceedings of The Web Conference 2020},
  pages={2298--2308},
  year={2020}
}
@article{ayer2012or,
  title={OR Forumâ€”A POMDP approach to personalize mammography screening decisions},
  author={Ayer, Turgay and Alagoz, Oguzhan and Stout, Natasha K},
  journal={Operations Research},
  volume={60},
  number={5},
  pages={1019--1034},
  year={2012},
  publisher={INFORMS}
}

@inproceedings{todorov2012mujoco,
  title={MuJoCo: A physics engine for model-based control},
  author={Todorov, Emanuel and Erez, Tom and Tassa, Yuval},
  booktitle={2012 IEEE/RSJ International Conference on Intelligent Robots and Systems},
  pages={5026--5033},
  year={2012},
  organization={IEEE},
  doi={10.1109/IROS.2012.6386109}
}

@inproceedings{finn2017model,
  title={Model-agnostic meta-learning for fast adaptation of deep networks},
  author={Finn, Chelsea and Abbeel, Pieter and Levine, Sergey},
  booktitle={International conference on machine learning},
  pages={1126--1135},
  year={2017},
  organization={PMLR}
}

@inproceedings{hassouni2018personalization,
  title={Personalization of health interventions using cluster-based reinforcement learning},
  author={Hassouni, Ali el and Hoogendoorn, Mark and van Otterlo, Martijn and Barbaro, Eduardo},
  booktitle={PRIMA 2018: Principles and Practice of Multi-Agent Systems: 21st International Conference, Tokyo, Japan, October 29-November 2, 2018, Proceedings 21},
  pages={467--475},
  year={2018},
  organization={Springer}
}

@article{zhang2021multi,
  title={Multi-agent reinforcement learning: A selective overview of theories and algorithms},
  author={Zhang, Kaiqing and Yang, Zhuoran and Ba{\c{s}}ar, Tamer},
  journal={Handbook of Reinforcement Learning and Control},
  pages={321--384},
  year={2021},
  publisher={Springer}
}

@article{hernandez2019survey,
  title={A survey and critique of multiagent deep reinforcement learning},
  author={Hernandez-Leal, Pablo and Kartal, Bilal and Taylor, Matthew E},
  journal={Autonomous Agents and Multi-Agent Systems},
  volume={33},
  number={6},
  pages={750--797},
  year={2019},
  publisher={Springer}
}

@article{breton2020randomized,
  title={A randomized trial of closed-loop control in children with type 1 diabetes},
  author={Breton, Marc D and Kanapka, Lauren G and Beck, Roy W and Ekhlaspour, Laya and Forlenza, Gregory P and Cengiz, Eda and Schoelwer, Melissa and Ruedy, Katrina J and Jost, Emily and Carria, Lori and others},
  journal={New England Journal of Medicine},
  volume={383},
  number={9},
  pages={836--845},
  year={2020},
  publisher={Mass Medical Soc}
}
@misc{jdrf_blog_2022,
    author = {JDRF},
    year = {2022},
    title = {FDA Authorizes a Fourth Artificial Pancreas System},
    howpublished = {\url{https://www.jdrf.org/blog/2022/01/28/fda-authorizes-a-fourth-artificial-pancreas-system/}},
    note = {Accessed: 2024-01-11}
}


@article{hayes2022practical,
  title={A practical guide to multi-objective reinforcement learning and planning},
  author={Hayes, Conor F and R{\u{a}}dulescu, Roxana and Bargiacchi, Eugenio and K{\"a}llstr{\"o}m, Johan and Macfarlane, Matthew and Reymond, Mathieu and Verstraeten, Timothy and Zintgraf, Luisa M and Dazeley, Richard and Heintz, Fredrik and others},
  journal={Autonomous Agents and Multi-Agent Systems},
  volume={36},
  number={1},
  pages={1--59},
  year={2022},
  publisher={Springer}
}
@inproceedings{shepitsen2008personalized,
  title={Personalized recommendation in social tagging systems using hierarchical clustering},
  author={Shepitsen, Andriy and Gemmell, Jonathan and Mobasher, Bamshad and Burke, Robin},
  booktitle={Proceedings of the 2008 ACM conference on Recommender systems},
  pages={259--266},
  year={2008}
}
@article{lee2012prea,
  title={Prea: Personalized recommendation algorithms toolkit},
  author={Lee, Joonseok and Sun, Mingxuan and Lebanon, Guy},
  journal={The Journal of Machine Learning Research},
  volume={13},
  number={1},
  pages={2699--2703},
  year={2012},
  publisher={JMLR. org}
}
@article{wu2023personalized,
  title={Personalized news recommendation: Methods and Challenges},
  author={Wu, Chuhan and Wu, Fangzhao and Huang, Yongfeng and Xie, Xing},
  journal={ACM Transactions on Information Systems},
  volume={41},
  number={1},
  pages={1--50},
  year={2023},
  publisher={ACM New York, NY}
}
@article{capponi2022personalized,
  title={Personalized robo-advising: Enhancing investment through client interaction},
  author={Capponi, Agostino and Olafsson, Sveinn and Zariphopoulou, Thaleia},
  journal={Management Science},
  volume={68},
  number={4},
  pages={2485--2512},
  year={2022},
  publisher={INFORMS}
}

@inproceedings{grua2018exploring,
  title={Exploring clustering techniques for effective reinforcement learning based personalization for health and wellbeing},
  author={Grua, Eoin Martino and Hoogendoorn, Mark},
  booktitle={2018 IEEE Symposium Series on Computational Intelligence (SSCI)},
  pages={813--820},
  year={2018},
  organization={IEEE}
}

@inproceedings{el2019end,
  title={End-to-end Personalization of Digital Health Interventions using Raw Sensor Data with Deep Reinforcement Learning},
  author={El Hassouni, Ali and Hoogendoorn, Mark and Eiben, Agoston E and Van Otterlo, Martijn and Muhonen, Vesa},
  booktitle={IEEE/WIC/ACM International Conference on Web Intelligence},
  pages={258--264},
  year={2019}
}

@inproceedings{el2022ph,
  title={pH-RL: A personalization architecture to bring reinforcement learning to health practice},
  author={el Hassouni, Ali and Hoogendoorn, Mark and Ciharova, Marketa and Kleiboer, Annet and Amarti, Khadicha and Muhonen, Vesa and Riper, Heleen and Eiben, AE},
  booktitle={Machine Learning, Optimization, and Data Science: 7th International Conference, LOD 2021, Grasmere, UK, October 4--8, 2021, Revised Selected Papers, Part I},
  pages={265--280},
  year={2022},
  organization={Springer}
}

@inproceedings{zhu2018group,
  title={Group-driven reinforcement learning for personalized mhealth intervention},
  author={Zhu, Feiyun and Guo, Jun and Xu, Zheng and Liao, Peng and Yang, Liu and Huang, Junzhou},
  booktitle={Medical Image Computing and Computer Assisted Intervention--MICCAI 2018: 21st International Conference, Granada, Spain, September 16-20, 2018, Proceedings, Part I},
  pages={590--598},
  year={2018},
  organization={Springer}
}

@inproceedings{martin2004agentx,
  title={AgentX: Using reinforcement learning to improve the effectiveness of intelligent tutoring systems},
  author={Martin, Kimberly N and Arroyo, Ivon},
  booktitle={Intelligent Tutoring Systems: 7th International Conference, ITS 2004, Macei{\'o}, Alagoas, Brazil, August 30-September 3, 2004. Proceedings 7},
  pages={564--572},
  year={2004},
  organization={Springer}
}

@article{goindani2020cluster,
  title={Cluster-based social reinforcement learning},
  author={Goindani, Mahak and Neville, Jennifer},
  journal={arXiv preprint arXiv:2003.00627},
  year={2020}
}

@article{nii2023personalized,
  title={Personalized control system via reinforcement learning: maximizing utility based on user ratings},
  author={Nii, Tomotaka and Inoue, Masaki},
  journal={SICE Journal of Control, Measurement, and System Integration},
  volume={16},
  number={1},
  pages={18--26},
  year={2023},
  publisher={Taylor \& Francis}
}

@inproceedings{nadiger2019federated,
  title={Federated reinforcement learning for fast personalization},
  author={Nadiger, Chetan and Kumar, Anil and Abdelhak, Sherine},
  booktitle={2019 IEEE Second International Conference on Artificial Intelligence and Knowledge Engineering (AIKE)},
  pages={123--127},
  year={2019},
  organization={IEEE}
}

@inproceedings{tabatabaei2018narrowing,
  title={Narrowing reinforcement learning: Overcoming the cold start problem for personalized health interventions},
  author={Tabatabaei, Seyed Amin and Hoogendoorn, Mark and van Halteren, Aart},
  booktitle={PRIMA 2018: Principles and Practice of Multi-Agent Systems: 21st International Conference, Tokyo, Japan, October 29-November 2, 2018, Proceedings 21},
  pages={312--327},
  year={2018},
  organization={Springer}
}

@article{baucum2022adapting,
  title={Adapting Reinforcement Learning Treatment Policies Using Limited Data to Personalize Critical Care},
  author={Baucum, Matt and Khojandi, Anahita and Vasudevan, Rama and Davis, Robert},
  journal={INFORMS Journal on Data Science},
  volume={1},
  number={1},
  pages={27--49},
  year={2022},
  publisher={INFORMS}
}

@article{den2020reinforcement,
  title={Reinforcement learning for personalization: A systematic literature review},
  author={den Hengst, Floris and Grua, Eoin Martino and el Hassouni, Ali and Hoogendoorn, Mark},
  journal={Data Science},
  volume={3},
  number={2},
  pages={107--147},
  year={2020},
  publisher={IOS Press}
}

@inproceedings{hans2008safe,
  title={Safe exploration for reinforcement learning.},
  author={Hans, Alexander and Schneega{\ss}, Daniel and Sch{\"a}fer, Anton Maximilian and Udluft, Steffen},
  booktitle={ESANN},
  pages={143--148},
  year={2008},
  organization={Citeseer}
}

@inproceedings{junges2016safety,
  title={Safety-constrained reinforcement learning for MDPs},
  author={Junges, Sebastian and Jansen, Nils and Dehnert, Christian and Topcu, Ufuk and Katoen, Joost-Pieter},
  booktitle={Tools and Algorithms for the Construction and Analysis of Systems: 22nd International Conference, TACAS 2016, Held as Part of the European Joint Conferences on Theory and Practice of Software, ETAPS 2016, Eindhoven, The Netherlands, April 2-8, 2016, Proceedings},
  pages={130--146},
  year={2016},
  organization={Springer}
}

@article{moldovan2012safe,
  title={Safe exploration in markov decision processes},
  author={Moldovan, Teodor Mihai and Abbeel, Pieter},
  journal={arXiv preprint arXiv:1205.4810},
  year={2012}
}

@article{perkins2002lyapunov,
  title={Lyapunov design for safe reinforcement learning},
  author={Perkins, Theodore J and Barto, Andrew G},
  journal={Journal of Machine Learning Research},
  volume={3},
  number={Dec},
  pages={803--832},
  year={2002}
}

@inproceedings{barrett2008learning,
  title={Learning all optimal policies with multiple criteria},
  author={Barrett, Leon and Narayanan, Srini},
  booktitle={Proceedings of the 25th international conference on Machine learning},
  pages={41--47},
  year={2008}
}

@article{mandal2022socially,
  title={Socially fair reinforcement learning},
  author={Mandal, Debmalya and Gan, Jiarui},
  journal={arXiv preprint arXiv:2208.12584},
  year={2022}
}

@inproceedings{kar2023feature,
  title={Feature-based Individual Fairness in k-clustering},
  author={Kar, Debajyoti and Kosan, Mert and Mandal, Debmalya and Medya, Sourav and Silva, Arlei and Dey, Palash and Sanyal, Swagato},
  booktitle={Proceedings of the 2023 International Conference on Autonomous Agents and Multiagent Systems},
  pages={2772--2774},
  year={2023}
}

@inproceedings{diana2021algorithms,
  title={Algorithms and learning for fair portfolio design},
  author={Diana, Emily and Dick, Travis and Elzayn, Hadi and Kearns, Michael and Roth, Aaron and Schutzman, Zachary and Sharifi-Malvajerdi, Saeed and Ziani, Juba},
  booktitle={Proceedings of the 22nd ACM Conference on Economics and Computation},
  pages={371--389},
  year={2021}
}

@article{tassa2018deepmind,
  title={Deepmind control suite},
  author={Tassa, Yuval and Doron, Yotam and Muldal, Alistair and Erez, Tom and Li, Yazhe and Casas, Diego de Las and Budden, David and Abdolmaleki, Abbas and Merel, Josh and Lefrancq, Andrew and others},
  journal={arXiv preprint arXiv:1801.00690},
  year={2018}
}

@inproceedings{Alegre+2022bnaic,
  author = {Lucas N. Alegre and Florian	Felten and El-Ghazali Talbi and Gr{\'e}goire Danoy and Ann Now{\'e} and Ana L. C. Bazzan and Bruno C. da Silva},
  title = {{MO-Gym}: A Library of Multi-Objective Reinforcement Learning Environments},
  booktitle = {Proceedings of the 34th Benelux Conference on Artificial Intelligence BNAIC/Benelearn 2022},
  year = {2022}
}

@article{tunyasuvunakool2020,
         title = {dm$\_$control: Software and tasks for continuous control},
         journal = {Software Impacts},
         volume = {6},
         pages = {100022},
         year = {2020},
         issn = {2665-9638},
         doi = {https://doi.org/10.1016/j.simpa.2020.100022},
         url = {https://www.sciencedirect.com/science/article/pii/S2665963820300099},
         author = {Saran Tunyasuvunakool and Alistair Muldal and Yotam Doron and
                   Siqi Liu and Steven Bohez and Josh Merel and Tom Erez and
                   Timothy Lillicrap and Nicolas Heess and Yuval Tassa},
}
