@ARTICLE{Zhu_2022_VisDrone, 
  author={Zhu, Pengfei and Wen, Longyin and Du, Dawei and Bian, Xiao and Fan, Heng and Hu, Qinghua and Ling, Haibin}, 
  journal={IEEE Trans. Pattern Anal. Mach. Intell.}, 
  title={{Detection and Tracking Meet Drones Challenge}}, 
  year={2022}, 
  volume={44}, 
  number={11}, 
  pages={7380-7399}}

  

@InProceedings{Du_2018_UAVDT, 
author = {Du, Dawei and Qi, Yuankai and Yu, Hongyang and Yang, Yifan and Duan, Kaiwen and Li, Guorong and Zhang, Weigang and Huang, Qingming and Tian, Qi}, 
title = {{The Unmanned Aerial Vehicle Benchmark: Object Detection and Tracking}}, 
booktitle = {Proc. Eur. Conf. Comput. Vis.}, 
month = {September}, 
year = {2018}, 
pages = {375-391}, 
}

@InProceedings{Chen_2019_RRNet, 
author = {Chen, Changrui and Zhang, Yu and Lv, Qingxuan and Wei, Shuo and Wang, Xiaorui and Sun, Xin and Dong, Junyu}, 
title = {{RRNet: A Hybrid Detector for Object Detection in Drone-Captured Images}}, 
booktitle = {Proc. IEEE Int. Conf. Comput. Vis. Workshops}, 
month = {Oct}, 
year = {2019}, 
pages = {0-0}
}


@InProceedings{Hong_2019_Patch, 
author = {Hong, Sungeun and Kang, Sungil and Cho, Donghyeon}, 
title = {{Patch-Level Augmentation for Object Detection in Aerial Images}}, 
booktitle = {Proc. IEEE Int. Conf. Comput. Vis. Workshops}, 
month = {Oct}, 
year = {2019}, 
}


@InProceedings{Wang_2019_Spatial, 
author = {Wang, Haoran and Wang, Zexin and Jia, Meixia and Li, Aijin and Feng, Tuo and Zhang, Wenhua and Jiao, Licheng}, 
title = {{Spatial Attention for Multi-Scale Feature Refinement for Object Detection}}, 
booktitle = {Proc. IEEE Int. Conf. Comput. Vis. Workshops}, 
month = {Oct}, 
year = {2019}
}


@ARTICLE{Zhang_2019_Scale, 
  author={Zhang, Shuo and He, Guanghui and Chen, Hai-Bao and Jing, Naifeng and Wang, Qin}, 
  journal={IEEE Geosci. Remote Sens. Lett.}, 
  title={{Scale Adaptive Proposal Network for Object Detection in Remote Sensing Images}}, 
  year={2019}, 
  volume={16}, 
  number={6}, 
  pages={864-868}, 
}

@article{Zhou_2019_SAICFPN, 
    author = {Jingkai Zhou and Chi-Man Vong and Qiong Liu and Zhenyu Wang}, 
    title = {{Scale adaptive image cropping for UAV object detection}}, 
    journal = {Neurocomputing}, 
    volume = {366}, 
    pages = {305-313}, 
    year = {2019}, 
}

@article{schulman_2017_PPO,
  author       = {John Schulman and
                  Filip Wolski and
                  Prafulla Dhariwal and
                  Alec Radford and
                  Oleg Klimov},
  title        = {Proximal Policy Optimization Algorithms},
  volume       = {abs/1707.06347},
  journal      = {CoRR},
  year         = {2017},
}

@article{Goyal_2018_linearScaling,
  author={Goyal, Priya and Doll{\'a}r, Piotr and Girshick, Ross and Noordhuis, Pieter and Wesolowski, Lukasz and Kyrola, Aapo and Tulloch, Andrew and Jia, Yangqing and He, Kaiming},
  title        = {{Accurate, Large Minibatch {SGD:} Training ImageNet in 1 Hour}},
  journal      = {CoRR},
  volume       = {abs/1706.02677},
  year         = {2017},
}

@InProceedings{Yang_2019_Clustered, 
    author = {Yang, Fan and Fan, Heng and Chu, Peng and Blasch, Erik and Ling, Haibin}, 
    title = {{Clustered Object Detection in Aerial Images}}, 
    booktitle = {Proc. IEEE Int. Conf. Comput. Vis.}, 
    month = {October}, 
    pages= {8311-8320}, 
    year = {2019}
}


@inproceedings{Wang_2020_Object, 
  title={{Object detection using clustering algorithm adaptive searching regions in aerial images}}, 
  author={Wang, Yi and Yang, Youlong and Zhao, Xi}, 
  booktitle={Proc. Eur. Conf. Comput. Vis.}, 
  pages={651--664}, 
  year={2020}, 
}

@article{XIAO_2023_TinyReview,
    title = {{Tiny Object Detection with Context Enhancement and Feature Purification}},
    journal = {Expert Syst. Appl.},
    volume = {211},
    pages = {118665},
    year = {2023},
    author = {Jinsheng Xiao and Haowen Guo and Jian Zhou and Tao Zhao and Qiuze Yu and Yunhua Chen and Zhongyuan Wang},
}

@ARTICLE{Bouguettaya_2022_review, 
  author={Bouguettaya, Abdelmalek and Zarzour, Hafed and Kechida, Ahmed and Taberkit, Amine Mohammed}, 
  journal={IEEE Trans. Neural Netw. Learn. Syst.}, 
  title={{Vehicle Detection From UAV Imagery With Deep Learning: A Review}}, 
  year={2022}, 
  volume={33}, 
  number={11}, 
  pages={6047-6067}}


@article{ghodrati_2017_DeepProposals,
  title={{DeepProposals: Hunting Objects and Actions by Cascading Deep Convolutional Layers}},
  author={Ghodrati, Amir and Diba, Ali and Pedersoli, Marco and Tuytelaars, Tinne and Van Gool, Luc},
  journal={Int. J. Comput. Vis.},
  volume={124},
  pages={115--131},
  year={2017},
  publisher={Springer}
}


@inproceedings{Gu_2018_FPNVehicle, 
    author = {Gu, Yinjuan and Wang, Bin and Xu, Bin}, 
    title = {{A FPN-Based Framework for Vehicle Detection in Aerial Images}}, 
    year = {2018}, 
    booktitle = {Proc. Int. Conf. Video Image Process.}, 
    pages = {60–64}, 
}

@inproceedings{Wang_2019_VehicleFPN, 
    author = {Wang, Lixin and Liao, Junguo and Xu, Chaoqian}, 
    title = {{Vehicle Detection Based on Drone Images with the Improved Faster R-CNN}}, 
    year = {2019}, 
    booktitle = {Proc. Int. Conf. Mach. Learn. Comput.}, 
    pages = {466–471}, 
}


@INPROCEEDINGS{Sommer_2017_Fast, 
  author={Sommer, Lars Wilko and Schuchert, Tobias and Beyerer, Jürgen}, 
  booktitle={Proc. IEEE Winter Conf. Appl. Comput. Vis.}, 
  title={{Fast Deep Vehicle Detection in Aerial Images}}, 
  year={2017}, 
  pages={311-319}, 
}

@INPROCEEDINGS{Sommer_2018_Deconvolutional, 
  author={Sommer, Lars and Schumann, Arne and Schuchert, Tobias and Beyerer, Jurgen}, 
  booktitle={Proc. IEEE Winter Conf. Appl. Comput. Vis. }, 
  title={{Multi Feature Deconvolutional Faster R-CNN for Precise Vehicle Detection in Aerial Imagery}}, 
  year={2018}, 
  pages={635-642}}


@article{Koyun_2022_Focus, 
  title = {{Focus-and-Detect: A small object detection framework for aerial images}}, 
  journal = {Signal Process. Image Commun.}, 
  volume = {104}, 
  pages = {116675}, 
  year = {2022}, 
  author = {Onur Can Koyun and Reyhan Kevser Keser and İbrahim Batuhan Akkaya and Behçet Uğur Töreyin}, 
}

@INPROCEEDINGS{Huang_2022_UFPMP, 
	title={{UFPMP-Det:Toward Accurate and Efficient Object Detection on Drone Imagery}}, 
	number={1}, 
	booktitle={Proc. AAAI Conf. Artif. Intell.}, 
	author={Huang, Yecheng and Chen, Jiaxin and Huang, Di}, 
	year={2022}, 
	month={Jun.}, 
	pages={1026-1033} 
 }

@inproceedings{he2023hierarchical,
  title={Hierarchical ConViT with Attention-based Relational Reasoner for Visual Analogical Reasoning},
  author={He, Wentao and Zhang, Jialu and Ren, Jianfeng and Bai, Ruibin and Jiang, Xudong},
  booktitle={Proc. AAAI Conf. Artif. Intell.},
  volume={37},
  number={1},
  pages={22--30},
  year={2023}
}


@InProceedings{Tan_2020_EfficientDet,
author = {Tan, Mingxing and Pang, Ruoming and Le, Quoc V.},
title = {EfficientDet: Scalable and Efficient Object Detection},
booktitle = {Proc. IEEE Conf. Comput. Vis. Pattern Recognit.},
month = {June},
year = {2020},
pages = {10781-10790}
}

@ARTICLE{Xu_2022_AdaZoom, 
  author={Xu, Jingtao and Li, Yali and Wang, Shengjin}, 
  journal={IEEE Trans. Multimedia}, 
  title={{AdaZoom: Towards Scale-Aware Large Scene Object Detection}}, 
  year={2022},
  note={(Early access)} 
}


@INPROCEEDINGS{Liu_2021_HRDNet, 
  author={Liu, Ziming and Gao, Guangyu and Sun, Lin and Fang, Zhiyuan}, 
  booktitle={Proc. IEEE Int. Conf. Multimedia Expo}, 
  title={{HRDNet: High-Resolution Detection Network for Small Objects}}, 
  year={2021}, 
  pages={1-6}, 
}

@article{Hui_2023_EvoRLSurvey,
    author = {Hui Bai  and Ran Cheng  and Yaochu Jin },
    title = {Evolutionary Reinforcement Learning: A Survey},
    journal = {Intell. Comput.},
    volume = {2},
    number = {},
    pages = {0025},
    year = {2023},
}

@inproceedings{Li_2020_GFL,
 author = {Li, Xiang and Wang, Wenhai and Wu, Lijun and Chen, Shuo and Hu, Xiaolin and Li, Jun and Tang, Jinhui and Yang, Jian},
 booktitle = {Proc. Adv. Neural Inf. Process. Syst.},
 pages = {21002--21012},
 title = {{Generalized Focal Loss: Learning Qualified and Distributed Bounding Boxes for Dense Object Detection}},
 volume = {33},
 year = {2020}
}

@inproceedings{Hallawa_2021_evorl,
author = {Hallawa, Ahmed and Born, Thorsten and Schmeink, Anke and Dartmann, Guido and Peine, Arne and Martin, Lukas and Iacca, Giovanni and Eiben, A. E. and Ascheid, Gerd},
title = {{Evo-RL: Evolutionary-Driven Reinforcement Learning}},
year = {2021},
booktitle = {Proc. Genet. Evol. Comput. Conf. },
pages = {153–154},
}

@ARTICLE{Cheng_2019_Learning, 
	author={Cheng, Gong and Han, Junwei and Zhou, Peicheng and Xu, Dong}, 
	journal={IEEE Trans. Image Process.}, 
	title={{Learning Rotation-Invariant and Fisher Discriminative Convolutional Neural Networks for Object Detection}}, 
	year={2019}, 
	volume={28}, 
	number={1}, 
	pages={265-278}
}


@InProceedings{Cheng_2016_RIFD, 
    author = {Cheng, Gong and Zhou, Peicheng and Han, Junwei}, 
    title = {{RIFD-CNN: Rotation-Invariant and Fisher Discriminative Convolutional Neural Networks for Object Detection}}, 
    booktitle = {Proc. Comput. Vis. Pattern Recognit.}, 
    month = {June}, 
    year = {2016}, 
    pages = {1173-1181}
}

@INPROCEEDINGS{Dalal_2005_HOG,
  author={Dalal, N. and Triggs, B.},
  booktitle={Proc. Comput. Vis. Pattern Recognit.}, 
  title={{Histograms of Oriented Gradients for Human Detection}}, 
  year={2005},
  month = {June}, 
  volume={1},
  pages={886-893}}

@article{Lowe_2004_SIFT,
  title={{Distinctive Image Features from Scale-Invariant Keypoints}},
  author={Lowe, David G},
  journal={Int. J. Comput. Vis.},
  volume={60},
  pages={91--110},
  year={2004},
}

@ARTICLE{Zhang_2016_Weakly, 
  author={Zhang, Fan and Du, Bo and Zhang, Liangpei and Xu, Miaozhong}, 
  journal={IEEE Trans. Geosci. Remote Sens.}, 
  title={{Weakly Supervised Learning Based on Coupled Convolutional Neural Networks for Aircraft Detection}}, 
  year={2016}, 
  volume={54}, 
  number={9}, 
  pages={5553-5563}, 
}


@InProceedings{Li_2017_Perceptual, 
	author = {Li, Jianan and Liang, Xiaodan and Wei, Yunchao and Xu, Tingfa and Feng, Jiashi and Yan, Shuicheng}, 
	title = {{Perceptual Generative Adversarial Networks for Small Object Detection}}, 
  booktitle={Proc. Comput. Vis. Pattern Recognit.}, 
	month = {July}, 
	year = {2017}, 
	pages = {1222-1230}
}

@InProceedings{Wang_2023_YOLOv7,
    author    = {Wang, Chien-Yao and Bochkovskiy, Alexey and Liao, Hong-Yuan Mark},
    title     = {{YOLOv7: Trainable Bag-of-Freebies Sets New State-of-the-Art for Real-Time Object Detectors}},
  booktitle={Proc. Comput. Vis. Pattern Recognit.}, 
    month     = {June},
    year      = {2023},
    pages     = {7464-7475}
}


@InProceedings{Bai_2018_SODMTGAN, 
	author = {Bai, Yancheng and Zhang, Yongqiang and Ding, Mingli and Ghanem, Bernard}, 
	title = {{SOD-MTGAN: Small Object Detection via Multi-Task Generative Adversarial Network}}, 
	booktitle = {Proc. Eur. Conf. Comput. Vis.}, 
	month = {September}, 
	year = {2018}, 
	pages = {210-226}
}

@InProceedings{Li_2020_Density_Workshops, 
    author = {Li, Changlin and Yang, Taojiannan and Zhu, Sijie and Chen, Chen and Guan, Shanyue}, 
    title = {{Density Map Guided Object Detection in Aerial Images}}, 
    booktitle = {Proc. Comput. Vis. Pattern Recognit. Workshops}, 
    month = {June}, 
    pages={737-746}, 
    year = {2020}
}

@InProceedings{Unel_2019_TilingSOD,
author = {Ozge Unel, F. and Ozkalayci, Burak O. and Cigla, Cevahir},
title = {{The Power of Tiling for Small Object Detection}},
booktitle = {Proc. Comput. Vis. Pattern Recognit. Workshops},
month = {June},
year = {2019}
}

@InProceedings{Wang_2021_ScaledYOLOv4,
    author    = {Wang, Chien-Yao and Bochkovskiy, Alexey and Liao, Hong-Yuan Mark},
    title     = {Scaled-YOLOv4: Scaling Cross Stage Partial Network},
    booktitle = {Proc. Comput. Vis. Pattern Recognit.},
    month     = {June},
    year      = {2021},
    pages     = {13029-13038}
}

@InProceedings{Gao_2018_Dynamic, 
    author = {Gao, Mingfei and Yu, Ruichi and Li, Ang and Morariu, Vlad I. and Davis, Larry S.}, 
    title = {{Dynamic Zoom-In Network for Fast Object Detection in Large Images}}, 
    booktitle = {Proc. Comput. Vis. Pattern Recognit.}, 
    month = {June}, 
    year = {2018}, 
    pages={6926-6935}
}

@InProceedings{Lu_2016_Adaptive, 
    author = {Lu, Yongxi and Javidi, Tara and Lazebnik, Svetlana}, 
    title = {{Adaptive Object Detection Using Adjacency and Zoom Prediction}}, 
    booktitle = {Proc. Comput. Vis. Pattern Recognit.}, 
    month = {June}, 
    year = {2016}, 
    pages={2351-2359}
}

@ARTICLE{Ge_2022_ZoomAndReasoning, 
  author={Ge, Zuhao and Qi, Lizhe and Wang, Yuzheng and Sun, Yunquan}, 
  journal={IEEE Signal Process. Lett.}, 
  title={{Zoom-and-Reasoning: Joint Foreground Zoom and Visual-Semantic Reasoning Detection Network for Aerial Images}}, 
  year={2022}, 
  volume={29}, 
  pages={2572-2576}}


@InProceedings{Lin_2017_Feature, 
author = {Lin, Tsung-Yi and Dollar, Piotr and Girshick, Ross and He, Kaiming and Hariharan, Bharath and Belongie, Serge}, 
title = {{Feature Pyramid Networks for Object Detection}}, 
booktitle = {Proc. Comput. Vis. Pattern Recognit.}, 
month = {July}, 
year = {2017}, 
pages={2117-2125}
}

@INPROCEEDINGS{2006_Lazebnik_Beyond, 
  author={Lazebnik, S. and Schmid, C. and Ponce, J.}, 
  booktitle={Proc. IEEE Conf. Comput. Vision Pattern Recognit.}, 
  title={{Beyond Bags of Features: Spatial Pyramid Matching for Recognizing Natural Scene Categories}}, 
  year={2006}, 
  volume={2}, 
  pages={2169-2178}, 
}


@InProceedings{He_2016_Deep, 
    author = {He, Kaiming and Zhang, Xiangyu and Ren, Shaoqing and Sun, Jian}, 
    title = {{Deep Residual Learning for Image Recognition}}, 
    booktitle = {Proc. IEEE Conf. Comput. Vis. Pattern Precognit.}, 
    month = {June}, 
    pages = {770-778}, 
    year = {2016}
}


@InProceedings{Xie_2017_Aggregated, 
    author = {Xie, Saining and Girshick, Ross and Dollar, Piotr and Tu, Zhuowen and He, Kaiming}, 
    title = {{Aggregated Residual Transformations for Deep Neural Networks}}, 
  booktitle={Proc. Comput. Vis. Pattern Recognit.}, 
    month = {July}, 
    pages = {1492-1500}, 
    year = {2017}
}

@InProceedings{Girshick_2014_Rich, 
    author = {Girshick, Ross and Donahue, Jeff and Darrell, Trevor and Malik, Jitendra}, 
    title = {{Rich Feature Hierarchies for Accurate Object Detection and Semantic Segmentation}}, 
  booktitle={Proc. Comput. Vis. Pattern Recognit.}, 
    month = {June}, 
    year = {2014}, 
    pages = {580-587}
}



@InProceedings{Girshick_2015_Fast, 
    author = {Girshick, Ross}, 
    title = {{Fast R-CNN}}, 
    booktitle = {Proc. IEEE Int. Conf. Comput. Vis.}, 
    month = {December}, 
    year = {2015}, 
    pages = {1440-1448}
}

@ARTICLE{Ren_2017_Faster, 
  author={Ren, Shaoqing and He, Kaiming and Girshick, Ross and Sun, Jian}, 
  journal={IEEE Trans. Pattern Anal. Mach. Intell.}, 
  title={Faster {R-CNN}: Towards Real-Time Object Detection with Region Proposal Networks}, 
  year={2017}, 
  volume={39}, 
  number={6}, 
  pages={1137-1149}
}


@InProceedings{He_2017_Mask, 
    author = {He, Kaiming and Gkioxari, Georgia and Dollar, Piotr and Girshick, Ross}, 
    title = {{Mask R-CNN}}, 
    booktitle = {Proc. IEEE Int. Conf. Comput. Vis.}, 
    month = {Oct}, 
    pages = {2961-2969}, 
    year = {2017}
}


@InProceedings{Cai_2018_Cascade, 
    author = {Cai, Zhaowei and Vasconcelos, Nuno}, 
    title = {{Cascade R-CNN: Delving Into High Quality Object Detection}}, 
  booktitle={Proc. Comput. Vis. Pattern Recognit.}, 
    month = {June}, 
    pages = {6154-6162}, 
    year = {2018}
}


@InProceedings{Redmon_2016_You, 
    author = {Redmon, Joseph and Divvala, Santosh and Girshick, Ross and Farhadi, Ali}, 
    title = {{You Only Look Once: Unified, Real-Time Object Detection}}, 
    booktitle = {Proc. IEEE Conf. Comput. Vis Pattern Recognit.}, 
    month = {June}, 
    pages = {779-788}, 
    year = {2016}
}


@InProceedings{Redmon_2017_YOLO9000, 
    author = {Redmon, Joseph and Farhadi, Ali}, 
    title = {{YOLO9000: Better, Faster, Stronger}}, 
  booktitle={Proc. Comput. Vis. Pattern Recognit.}, 
    month = {July}, 
    year = {2017}, 
    pages = {7263-7271}
}


@article{Ge_2021_YOLOX, 
  title={{YOLOX}: Exceeding Yolo Series in 2021}, 
  author={Ge, Zheng and Liu, Songtao and Wang, Feng and Li, Zeming and Sun, Jian}, 
  journal={arXiv preprint arXiv:2107.08430}, 
  year={2021}
}


@inproceedings{Liu_2016_SSD, 
  title={{SSD}: Single Shot Multibox Detector}, 
  author={Liu, Wei and Anguelov, Dragomir and Erhan, Dumitru and Szegedy, Christian and Reed, Scott and Fu, Cheng-Yang and Berg, Alexander C}, 
  booktitle={Proc. Eur. Conf. Comput. Vis.}, 
  pages={21--37}, 
  year={2016}
}


@ARTICLE{Deng_2021_GLSAN, 
  author={Deng, Sutao and Li, Shuai and Xie, Ke and Song, Wenfeng and Liao, Xiao and Hao, Aimin and Qin, Hong}, 
  journal={IEEE Trans. Image Process.}, 
  title={A Global-Local Self-Adaptive Network for Drone-View Object Detection}, 
  year={2021}, 
  volume={30}, 
  pages={1556-1569}, }


@ARTICLE{Lin_2020_Focal, 
  author={Lin, Tsung-Yi and Goyal, Priya and Girshick, Ross and He, Kaiming and Dollár, Piotr}, 
  journal={IEEE Trans. Pattern Anal. Mach. Intell.}, 
  title={Focal Loss for Dense Object Detection}, 
  year={2020}, 
  volume={42}, 
  number={2}, 
  pages={318-327}, 
  }


@article{Everingham_2010_PASCAL, 
  title={{The PASCAL Visual Object Classes (VOC) Challenge}}, 
  author={Everingham, Mark and Van Gool, Luc and Williams, Christopher KI and Winn, John and Zisserman, Andrew}, 
  journal={Int. J. Comput. Vis.}, 
  volume={88}, 
  number={2}, 
  pages={303--338}, 
  year={2010}, 
}

@inproceedings{Lin_2014_COCO, 
  title={{Microsoft COCO: Common objects in context}}, 
  author={Lin, Tsung-Yi and Maire, Michael and Belongie, Serge and Hays, James and Perona, Pietro and Ramanan, Deva and Doll{\'a}r, Piotr and Zitnick, C Lawrence}, 
  booktitle={Proc. Eur. Conf. Comput. Vis.}, 
  pages={740--755}, 
  year={2014}, 
}

@article{REN_2017_UAVDetection,
title = {{Regularized 2-D Complex-log Spectral Analysis and Subspace Reliability Analysis of micro-Doppler Signature for UAV Detection}},
journal={Pattern Recognit.}, 
volume = {69},
pages = {225-237},
year = {2017},
author = {Jianfeng Ren and Xudong Jiang},
}

@article{REN_2021_UAVDetection,
title = {{A Three-Step Classification Framework to Handle Complex Data Distribution for Radar UAV Detection}},
journal={Pattern Recognit.}, 
volume = {111},
pages = {107709},
year = {2021},
author = {Jianfeng Ren and Xudong Jiang},
}

@ARTICLE{Yun_2022_surveillance,
  author={Yun, Won Joon and Park, Soohyun and Kim, Joongheon and Shin, MyungJae and Jung, Soyi and Mohaisen, David A. and Kim, Jae-Hyun},
  journal={IEEE Trans. Ind. Informat.}, 
  title={{Cooperative Multiagent Deep Reinforcement Learning for Reliable Surveillance via Autonomous Multi-UAV Control}}, 
  year={2022},
  volume={18},
  number={10},
  pages={7086-7096},
}

@ARTICLE{Tokekar_2016_agriculture,
  author={Tokekar, Pratap and Hook, Joshua Vander and Mulla, David and Isler, Volkan},
  journal={IEEE Trans. Robot.}, 
  title={{Sensor Planning for a Symbiotic UAV and UGV System for Precision Agriculture}}, 
  year={2016},
  volume={32},
  number={6},
  pages={1498-1511}}

@INPROCEEDINGS{Zhang_2022_Spatial,
  author={Zhang, Jialu and Zhang, Qian and Ren, Jianfeng and Zhao, Yitian and Liu, Jiang},
  booktitle={Proc. IEEE Int. Conf. Acoust. Speech Signal Process.}, 
  title={Spatial-Context-Aware Deep Neural Network for Multi-Class Image Classification}, 
  year={2022},
  pages={1960-1964},
}

@INPROCEEDINGS{Ren_2015_LBPFaceRecognition,
  author={Ren, Jianfeng and Jiang, Xudong and Yuan, Junsong},
  booktitle={Proc. IEEE Int. Conf. Acoust. Speech Signal Process.}, 
  title={Quantized fuzzy LBP for face recognition}, 
  year={2015},
  pages={1503-1507},
}

@ARTICLE{Ren_2014_LBPVisualRecognition,
  author={Ren, Jianfeng and Jiang, Xudong and Yuan, Junsong and Wang, Gang},
  journal={IEEE Signal Process. Lett.}, 
  title={{Optimizing LBP Structure For Visual Recognition Using Binary Quadratic Programming}}, 
  year={2014},
  volume={21},
  number={11},
  pages={1346-1350}}

@ARTICLE{Ren_2015_LBPVisualRecognition,
  author={Ren, Jianfeng and Jiang, Xudong and Yuan, Junsong},
  journal={IEEE Trans. Image Process.}, 
  title={{A Chi-Squared-Transformed Subspace of LBP Histogram for Visual Recognition}}, 
  year={2015},
  volume={24},
  number={6},
  pages={1893-1904}}


@InProceedings{Yang_2022_objectpatchATT,
    author    = {Yang, Zuopeng and Liu, Daqing and Wang, Chaoyue and Yang, Jie and Tao, Dacheng},
    title     = {{Modeling Image Composition for Complex Scene Generation}},
  booktitle={Proc. Comput. Vis. Pattern Recognit.}, 
    month     = {June},
    year      = {2022},
    pages     = {7764-7773}
}

@article{Liu_2020_ODSurvey,
  title={Deep Learning for Generic Object Detection: A Survey},
  author={Liu, Li and Ouyang, Wanli and Wang, Xiaogang and Fieguth, Paul and Chen, Jie and Liu, Xinwang and Pietik{\"a}inen, Matti},
  journal={Int. J. Comput. Vis.},
  volume={128},
  number={2},
  pages={261--318},
  year={2020},
}


@ARTICLE{Zhang_2023_Spatial,
  author={Zhang, Jialu and Ren, Jianfeng and Zhang, Qian and Liu, Jiang and Jiang, Xudong},
  journal={IEEE Trans. Image Process.}, 
  title={Spatial Context-Aware Object-Attentional Network for Multi-Label Image Classification}, 
  year={2023},
  volume={32},
  pages={3000-3012}}

@INPROCEEDINGS{Alami_2023_FleetNavigation, 
	title={{SOREO: A System for Safe and Autonomous Drones Fleet Navigation with Reinforcement Learning}},
	volume={37}, 
	number={13}, 
	booktitle={Proc. AAAI Conf. Artif. Intell.}, 
	author={Alami, Reda and Hacid, Hakim and Bellone, Lorenzo and Barcis, Michal and Natalizio, Enrico},
	year={2023}, 
	month={Jun.}, 
	pages={16398-16400} 
}

@ARTICLE{Xi_2021_SeanHE,
  author={Xi, Yue and Jia, Wenjing and Zheng, Jiangbin and Fan, Xiaochen and Xie, Yefan and Ren, Jinchang and He, Xiangjian},
  journal={IEEE J. Sel. Topics Appl. Earth Observ. Remote Sens.}, 
  title={{DRL-GAN: Dual-Stream Representation Learning GAN for Low-Resolution Image Classification in UAV Applications}}, 
  year={2021},
  volume={14},
  number={},
  pages={1705-1716}
}

@article{Yue_2020_SeanHe,
title = {{Beyond context: Exploring semantic similarity for small object detection in crowded scenes}},
journal = {Pattern Recognit. Lett.},
volume = {137},
pages = {53-60},
year = {2020},
author = {Yue Xi and Jiangbin Zheng and Xiangjian He and Wenjing Jia and Hanhui Li and Yefan Xie and Mingchen Feng and Xiuxiu Li},
}

@inproceedings{song2020revisiting,
  title={Revisiting the sibling head in object detector},
  author={Song, Guanglu and Liu, Yu and Wang, Xiaogang},
  booktitle={Proc. Comput. Vis. Pattern Recognit.}, 
  pages={11563--11572},
  year={2020}
}

@inproceedings{wu2020rethinking,
  title={Rethinking classification and localization for object detection},
  author={Wu, Yue and Chen, Yinpeng and Yuan, Lu and Liu, Zicheng and Wang, Lijuan and Li, Hongzhi and Fu, Yun},
  booktitle={Proc. Comput. Vis. Pattern Recognit.}, 
  pages={10186--10195},
  year={2020}
}

@article{wang2023improved,
  title={Improved YOLOX-X based UAV aerial photography object detection algorithm},
  author={Wang, Xin and He, Ning and Hong, Chen and Wang, Qi and Chen, Ming},
  journal={Image Vis. Comput.},
  volume={135},
  pages={104697},
  year={2023},
  publisher={Elsevier}
}

@inproceedings{hu2018squeeze,
  title={Squeeze-and-Excitation Networks},
  author={Hu, Jie and Shen, Li and Sun, Gang},
  booktitle={Proc. Comput. Vis. Pattern Recognit.}, 
  pages={7132--7141},
  year={2018}
}


@inproceedings{song2023siamese,
  title={Siamese-Discriminant Deep Reinforcement Learning for Solving Jigsaw Puzzles with Large Eroded Gaps},
  author={Song, Xingke and Jin, Jiahuan and Yao, Chenglin and Wang, Shihe and Ren, Jianfeng and Bai, Ruibin},
	booktitle={Proc. AAAI Conf. Artif. Intell.}, 
  volume={37},
  number={2},
  pages={2303--2311},
  year={2023}
}

@article{chen2022cooperative,
  title={Cooperative Double-Layer Genetic Programming Hyper-Heuristic for Online Container Terminal Truck Dispatching},
  author={Chen, Xinan and Bai, Ruibin and Qu, Rong and Dong, Haibo},
  journal={IEEE Trans. Evol. Comput},
  year={2022},
  note={(Early access)},
  publisher={IEEE}
}

@article{tu2023deep,
  title={A Deep Reinforcement Learning Hyper-heuristic with Feature Fusion for Online Packing Problems},
  author={Tu, Chaofan and Bai, Ruibin and Aickelin, Uwe and Zhang, Yuchang and Du, Heshan},
  journal={Expert Syst. Appl.},
  pages={120568},
  year={2023},
  publisher={Elsevier}
}

@article{yi2023automated,
  title={Automated Algorithm Design using Proximal Policy Optimisation with Identified Features},
  author={Yi, Wenjie and Qu, Rong and Jiao, Licheng},
  journal={Expert Syst. Appl.},
  volume={216},
  pages={119461},
  year={2023},
  publisher={Elsevier}
}

@inproceedings{jiang2018acquisition,
  title={Acquisition of Localization Confidence for Accurate Object Detection},
  author={Jiang, Borui and Luo, Ruixuan and Mao, Jiayuan and Xiao, Tete and Jiang, Yuning},
booktitle = {Proc. Eur. Conf. Comput. Vis.}, 
  pages={784--799},
  year={2018}
}

@inproceedings{araslanov2019actor,
  title={Actor-Critic Instance Segmentation},
  author={Araslanov, Nikita and Rothkopf, Constantin A and Roth, Stefan},
  booktitle={Proc. Comput. Vis. Pattern Recognit.}, 
  pages={8237--8246},
  year={2019}
}