@inproceedings{xu2023contrastive,
  title={Contrastive Open Set Recognition},
  author={Baile Xu and Furao Shen and Jian Zhao},
  booktitle={AAAI Conference on Artificial Intelligence},
  year={2023},
  url={https://api.semanticscholar.org/CorpusID:259639633},
  pages={1--11},
}

@ARTICLE{wang2018deep,
  author={Wang, Wenguan and Shen, Jianbing},
  journal={IEEE Transactions on Image Processing}, 
  title={Deep Visual Attention Prediction}, 
  year={2018},
  volume={27},
  number={5},
  pages={2368-2378},
  doi={10.1109/TIP.2017.2787612}}

@inproceedings{Zhang2022LearningNA,
  title={Learning Network Architecture for Open-Set Recognition},
  author={Xuelin Zhang and Xuelian Cheng and Donghao Zhang and Paul Bonnington and ZongYuan Ge},
  booktitle={AAAI Conference on Artificial Intelligence},
  year={2022},
  pages={1--9},
}

@article{liu2023opentext,
title = {Towards open-set text recognition via label-to-prototype learning},
journal = {Pattern Recognition},
volume = {134},
pages = {109109},
year = {2023},
issn = {0031-3203},
doi = {https://doi.org/10.1016/j.patcog.2022.109109},
author = {Chang Liu and Chun Yang and Hai-Bo Qin and Xiaobin Zhu and Cheng-Lin Liu and Xu-Cheng Yin}
}

@ARTICLE{zhang2017sparse,
  author={Zhang, He and Patel, Vishal M.},
  journal={IEEE Transactions on Pattern Analysis and Machine Intelligence}, 
  title={Sparse Representation-Based Open Set Recognition}, 
  year={2017},
  volume={39},
  number={8},
  pages={1690-1696},
  doi={10.1109/TPAMI.2016.2613924}}

@ARTICLE{scheirer2013open,
  author={Scheirer, Walter J. and de Rezende Rocha, Anderson and Sapkota, Archana and Boult, Terrance E.},
  journal={IEEE Transactions on Pattern Analysis and Machine Intelligence}, 
  title={Toward Open Set Recognition}, 
  year={2013},
  volume={35},
  number={7},
  pages={1757-1772},
  doi={10.1109/TPAMI.2012.256}}

@ARTICLE{geirhos2020shortcut,
  title={Shortcut learning in deep neural networks},
  author={Geirhos, Robert and Jacobsen, J{\"o}rn-Henrik and Michaelis, Claudio and Zemel, Richard and Brendel, Wieland and Bethge, Matthias and Wichmann, Felix A},
  journal={Nature Machine Intelligence},
  volume={2},
  number={11},
  pages={665--673},
  year={2020},
  publisher={Nature Publishing Group UK London}
}

@inproceedings{lu2022pmal,
  title={Pmal: Open set recognition via robust prototype mining},
  author={Lu, Jing and Xu, Yunlu and Li, Hao and Cheng, Zhanzhan and Niu, Yi},
  booktitle={Proceedings of the AAAI Conference on Artificial Intelligence},
  volume={36},
  number={2},
  pages={1872--1880},
  year={2022}
}

@inproceedings{moon2022difficulty,
  title={Difficulty-aware simulator for open set recognition},
  author={Moon, WonJun and Park, Junho and Seong, Hyun Seok and Cho, Cheol-Ho and Heo, Jae-Pil},
  booktitle={Proceedings of the European Conference on Computer Vision},
  pages={365--381},
  year={2022}
}

@article{huang2023class,
  author={Huang, Hongzhi and Wang, Yu and Hu, Qinghua and Cheng, Ming-Ming},
  journal={IEEE Transactions on Pattern Analysis and Machine Intelligence}, 
  title={Class-Specific Semantic Reconstruction for Open Set Recognition}, 
  year={2023},
  volume={45},
  number={4},
  pages={4214-4228}}

@inproceedings{zhou2016learning,
  title={Learning deep features for discriminative localization},
  author={Zhou, Bolei and Khosla, Aditya and Lapedriza, Agata and Oliva, Aude and Torralba, Antonio},
  booktitle={Proceedings of the IEEE/CVF Conference on Computer Vision and Pattern Recognition},
  pages={2921--2929},
  year={2016}
}

@article{jim2015mutual,
  author       = {Jim Jing{-}Yan Wang and
                  Yi Wang and
                  Shiguang Zhao and
                  Xin Gao},
  title        = {Maximum mutual information regularized classification},
  journal      = {Eng. Appl. Artif. Intell.},
  volume       = {37},
  pages        = {1--8},
  year         = {2015}
}

@article{kong2022opengan,
  author={Kong, Shu and Ramanan, Deva},
  journal={IEEE Transactions on Pattern Analysis and Machine Intelligence}, 
  title={OpenGAN: Open-Set Recognition Via Open Data Generation}, 
  year={2022},
  volume={},
  number={},
  pages={1-10},
  doi={10.1109/TPAMI.2022.3184052}
}

@inproceedings{
vaze2022openset,
title={Open-Set Recognition: A Good Closed-Set Classifier is All You Need},
author={Sagar Vaze and Kai Han and Andrea Vedaldi and Andrew Zisserman},
booktitle={Proceedings of the International Conference on Learning Representations},
year={2022},    
pages={1--14},
url={https://openreview.net/forum?id=5hLP5JY9S2d}
}
@book{mackay2003information,
  title={Information theory, inference and learning algorithms},
  author={MacKay, David JC},
  year={2003},
  publisher={Cambridge university press}
}
@book{cover2012elements,
  title={Elements of Information Theory},
  author={Cover, Thomas M and Thomas, Joy A},
  year={2012},
  publisher={John Wiley \& Sons}
}
@article{roady2020open,
  title={Are open set classification methods effective on large-scale datasets?},
  author={Roady, Ryne and Hayes, Tyler L and Kemker, Ronald and Gonzales, Ayesha and Kanan, Christopher},
  journal={Plos one},
  volume={15},
  number={9},
  year={2020}
}
@inproceedings{shazeer2017moe,
  author = {Noam Shazeer and Azalia Mirhoseini and Krzysztof Maziarz and Andy Davis and Quoc V. Le and Geoffrey E. Hinton and Jeff Dean},
  title = {Outrageously Large Neural Networks: The Sparsely-Gated Mixture-of-Experts Layer},
  booktitle = {Proceedings of the International Conference on Learning Representations},
  pages={1--12},
  year = {2017}
}
@InProceedings{Jain2014Probability,
author="Jain, Lalit P. and Scheirer, Walter J. and Boult, Terrance E.",
title="Multi-class Open Set Recognition Using Probability of Inclusion",
booktitle="Proceedings of the European Conference on Computer Vision",
year="2014",
pages="393--409"
}
@inproceedings{
hendrycks2018deep,
title={Deep Anomaly Detection with Outlier Exposure},
author={Dan Hendrycks and Mantas Mazeika and Thomas Dietterich},
booktitle={Proceedings of the International Conference on Learning Representations},
year={2019},
}

@inproceedings{netzer2011reading,
	title="Reading Digits in Natural Images with Unsupervised Feature Learning",
	author="Yuval {Netzer} and Tao {Wang} and Adam {Coates} and Alessandro {Bissacco} and Bo {Wu} and Andrew Y. {Ng}",
	pages="1--9",
	booktitle="Neural Information Processing Systems",
	notes="Sourced from Microsoft Academic - https://academic.microsoft.com/paper/2335728318",
	year="2011"
}

@techreport{krizhevsky09learning,
    title="Learning Multiple Layers of Features from Tiny Images.",
    author="Alex Krizhevsky",
    journal="Tech Report",
    year="2009"
}

@inproceedings{liang2018enhancing,
    title="Enhancing The Reliability of Out-of-distribution Image Detection in Neural Networks",
    author="Shiyu {Liang} and Yixuan {Li} and Rayadurgam {Srikant}",
    booktitle="Proceedings of the International Conference on Learning Representations",
    page="1--11",
    year="2018"
}

@inproceedings{xiao2010sun,
    title="SUN database: Large-scale scene recognition from abbey to zoo",
    author="Jianxiong {Xiao} and James {Hays} and Krista A. {Ehinger} and Aude {Oliva} and Antonio {Torralba}",
    booktitle="Proceedings of the IEEE/CVF Conference on Computer Vision and Pattern Recognition",
    pages="3485--3492",
    year="2010"
}

@inproceedings{bendale2016towards,
    title="Towards Open Set Deep Networks",
    author="Abhijit {Bendale} and Terrance E. {Boult}",
    booktitle="Proceedings of the IEEE/CVF Conference on Computer Vision and Pattern Recognition",
    pages="1563--1572",
    year="2016"
}

@inproceedings{bendale2015towards,
    title="Towards Open World Recognition",
    author="Abhijit {Bendale} and Terrance {Boult}",
    booktitle="Proceedings of the IEEE/CVF Conference on Computer Vision and Pattern Recognition",
    pages="1893--1902",
    notes="Sourced from Microsoft Academic - https://academic.microsoft.com/paper/1917989004",
    year="2015"
}

@inproceedings{neal2018open,
    title="Open Set Learning with Counterfactual Images.",
    author="Lawrence {Neal} and Matthew L. {Olson} and Xiaoli Z. {Fern} and Weng-Keen {Wong} and Fuxin {Li}",
    booktitle="Proceedings of the European Conference on Computer Vision",
    pages="620--635",
    year="2018"
}

@inproceedings{yoshihashi2019classification,
  title={Classification-reconstruction learning for open-set recognition},
  author={Yoshihashi, Ryota and Shao, Wen and Kawakami, Rei and You, Shaodi and Iida, Makoto and Naemura, Takeshi},
  booktitle={Proceedings of the IEEE/CVF Conference on Computer Vision and Pattern Recognition},
  pages={4016--4025},
  year={2019}
}

@article{geng2020recent,
  title={Recent advances in open set recognition: A survey},
  author={Geng, Chuanxing and Huang, Sheng-jun and Chen, Songcan},
  journal={IEEE Transactions on Pattern Analysis and Machine Intelligence},
  year={2020}
}

@inproceedings{he2016deep,
    title="Deep Residual Learning for Image Recognition",
    author="Kaiming {He} and Xiangyu {Zhang} and Shaoqing {Ren} and Jian {Sun}",
    booktitle="Proceedings of the IEEE/CVF Conference on Computer Vision and Pattern Recognition",
    pages="770--778",
    year="2016"
}

@inproceedings{chen2020learning,
  title={Learning open set network with discriminative reciprocal points},
  author={Chen, Guangyao and Qiao, Limeng and Shi, Yemin and Peng, Peixi and Li, Jia and Huang, Tiejun and Pu, Shiliang and Tian, Yonghong},
  booktitle={Proceedings of the European Conference on Computer Vision},
  pages={507--522},
  year={2020}
}

@inproceedings{tack2020csi,
    title="CSI: Novelty Detection via Contrastive Learning on Distributionally Shifted Instances",
    author="Jihoon {Tack} and Sangwoo {Mo} and Jongheon {Jeong} and Jinwoo {Shin}",
    booktitle={Proceedings of the Conference on Neural Information Processing Systems},
    volume={33},
    pages={11839--11852},
    year={2020}
}

@misc{yu2015lsun,
    title="LSUN: Construction of a Large-scale Image Dataset using Deep Learning with Humans in the Loop",
    author="Fisher {Yu} and Yinda {Zhang} and Shuran {Song} and Ari {Seff} and Jianxiong {Xiao}",
    eprint="1506.03365",
    archivePrefix="arXiv",
    year="2015"
}

@inproceedings{cubuk2020randaugment,
  title={Randaugment: Practical automated data augmentation with a reduced search space},
  author={Cubuk, Ekin D and Zoph, Barret and Shlens, Jonathon and Le, Quoc V},
  booktitle={Proceedings of the IEEE/CVF Conference on Computer Vision and Pattern Recognition Workshops},
  pages={702--703},
  year={2020}
}

@inproceedings{hendrycks2016a,
    title="A Baseline for Detecting Misclassified and Out-of-Distribution Examples in Neural Networks",
    author="Dan {Hendrycks} and Kevin {Gimpel}",
    booktitle="Proceedings of the International Conference on Learning Representations",
    year="2016",
    pages={1--12},
}

@article{chen2022adversarial,
  author={Chen, Guangyao and Peng, Peixi and Wang, Xiangqian and Tian, Yonghong},
  journal={IEEE Transactions on Pattern Analysis and Machine Intelligence}, 
  title={Adversarial Reciprocal Points Learning for Open Set Recognition}, 
  year={2022},
  volume={44},
  number={11},
  pages={8065-8081}}

@inproceedings{sun2020open,
  author={Sun, Xin and Yang, Zhenning and Zhang, Chi and Ling, Keck-Voon and Peng, Guohao},
  booktitle={Proceedings of the IEEE/CVF Conference on Computer Vision and Pattern Recognition }, 
  title={Conditional Gaussian Distribution Learning for Open Set Recognition}, 
  year={2020},
  pages={13477-13486}}

@inproceedings{zhou2021learning,
  author={Zhou, Da-Wei and Ye, Han-Jia and Zhan, De-Chuan},
  booktitle={Proceedings of the IEEE/CVF Conference on Computer Vision and Pattern Recognition }, 
  title={Learning Placeholders for Open-Set Recognition}, 
  year={2021},
  volume={},
  number={},
  pages={4399-4408},
  doi={10.1109/CVPR46437.2021.00438}}

@inproceedings{Horn2018TheIS,
  title={The iNaturalist Species Classification and Detection Dataset},
  author={Grant Van Horn and Oisin Mac Aodha and Yang Song and Yin Cui and Chen Sun and Alexander Shepard and Hartwig Adam and Pietro Perona and Serge J. Belongie},
  journal={Proceedings of the IEEE/CVF Conference on Computer Vision and Pattern Recognition },
  year={2018},
  pages={8769-8778}
}

@inproceedings{guo2021conditional,
  author={Guo, Yunrui and Camporese, Guglielmo and Yang, Wenjing and Sperduti, Alessandro and Ballan, Lamberto},
  booktitle={Proceedings of the IEEE/CVF International Conference on Computer Vision}, 
  title={Conditional Variational Capsule Network for Open Set Recognition}, 
  year={2021},
  pages={103-111},
  doi={10.1109/ICCV48922.2021.00017}}

@inproceedings{ian2014gan,
 author = {Goodfellow, Ian and Pouget-Abadie, Jean and Mirza, Mehdi and Xu, Bing and Warde-Farley, David and Ozair, Sherjil and Courville, Aaron and Bengio, Yoshua},
 booktitle = {Proceedings of the Conference on Neural Information Processing Systems},
 pages = {2672--2680},
 title = {Generative Adversarial Nets},
 year = {2014}
}

@inproceedings{oza2019c2ae,
  author={Oza, Poojan and Patel, Vishal M.},
  booktitle={Proceedings of the IEEE/CVF Conference on Computer Vision and Pattern Recognition }, 
  title={C2AE: Class Conditioned Auto-Encoder for Open-Set Recognition}, 
  year={2019},
  pages={2302-2311},
  doi={10.1109/CVPR.2019.00241}}

@inproceedings{perera2020generative,
  author={Perera, Pramuditha and Morariu, Vlad I. and Jain, Rajiv and Manjunatha, Varun and Wigington, Curtis and Ordonez, Vicente and Patel, Vishal M.},
  booktitle={Proceedings of the IEEE/CVF Conference on Computer Vision and Pattern Recognition }, 
  title={Generative-Discriminative Feature Representations for Open-Set Recognition}, 
  year={2020},
  pages={11811-11820},
  doi={10.1109/CVPR42600.2020.01183}}

@ARTICLE{yang2022convolutional,
  author={Yang, Hong-Ming and Zhang, Xu-Yao and Yin, Fei and Yang, Qing and Liu, Cheng-Lin},
  journal={IEEE Transactions on Pattern Analysis and Machine Intelligence}, 
  title={Convolutional Prototype Network for Open Set Recognition}, 
  year={2022},
  volume={44},
  number={5},
  pages={2358-2370},
  doi={10.1109/TPAMI.2020.3045079}}

@article{pouransari2014tiny,
    title="Tiny ImageNet Visual Recognition Challenge",
    author="Hadi {Pouransari} and Saman {Ghili}",
    journal="CS 231N",
    notes="Sourced from Microsoft Academic - https://academic.microsoft.com/paper/2551176409",
    year="2014"
}

@inproceedings{deng2009imagenet,
  author={Deng, Jia and Dong, Wei and Socher, Richard and Li, Li-Jia and Kai Li and Li Fei-Fei},
  booktitle={Proceedings of the IEEE/CVF Conference on Computer Vision and Pattern Recognition }, 
  title={ImageNet: A large-scale hierarchical image database}, 
  year={2009},
  pages={248-255},
  doi={10.1109/CVPR.2009.5206848}}

@article{russakovsky2015imagenet,
	title="ImageNet Large Scale Visual Recognition Challenge",
	author="Olga {Russakovsky} and Jia {Deng} and Hao {Su} and Jonathan {Krause} and Sanjeev {Satheesh} and Sean {Ma} and Zhiheng {Huang} and Andrej {Karpathy} and Aditya {Khosla} and Michael {Bernstein} and Alexander C. {Berg} and Li {Fei-Fei}",
	journal="International Journal of Computer Vision",
	volume="115",
	number="3",
	pages="211--252",
	year="2015"
}
@article{markman1979realizing,
  title={Realizing that you don't understand: Elementary school children's awareness of inconsistencies},
  author={Markman, Ellen M},
  journal={Child development},
  pages={643--655},
  year={1979}
}